2090 3838
89 235 117 282 ι.
132 231 163 281 c.
183 235 216 282 ru.
295 225 416 281 amur.
467 231 545 280 car.
572 207 741 279 tta-69.
885 205 953 274 173

87 391 251 444 exstructus
265 387 354 454 tecua,
378 401 502 442 amoeno
519 384 675 442 salubrium
689 399 823 460 aquarum
837 399 888 440 uru
902 381 954 440 lre·

89 503 191 560 queue.
222 485 304 542 mirsi
326 486 363 542 ad
385 485 529 543 Rhaetica
544 483 653 541 auxilia
676 481 778 549 nuntii,
802 486 833 538 ul
854 497 953 538 vereor

87 583 119 641 iu
141 583 286 659 legione·
308 583 495 642 Helveticae
516 589 598 658 tergo
621 583 852 658 adgrederentur.
893 581 952 648 llll,
963 575 1004 634 dd

89 691 162 741 onte
186 684 343 741 discrimen
369 683 490 750 leroceu,
517 683 548 740 iu
571 683 701 757 periculo
728 680 836 754 paridi,
857 695 952 753 quam·

86 783 279 857 quamprimo
299 785 423 840 tumultu
445 781 599 841 Claudium
619 783 763 839 Severum
778 779 894 837 Ducem
913 779 953 836 le

87 889 200 957 gerant,
223 899 286 940 uon
307 899 387 940 arma
412 897 544 948 noscere,
564 897 622 938 nou
646 881 762 937 ordiner
785 879 876 952 requi,
895 893 953 934 uou

88 983 121 1042 iu
146 1002 233 1042 uuum
259 987 420 1042 consulere.
448 983 602 1040 exitiosum
631 985 768 1040 adversus
801 985 954 1037 veterano·

88 1083 239 1154 proelium,
261 1084 357 1141 intuta
381 1082 503 1149 obsidio,
529 1081 648 1155 dilaprie
675 1087 818 1139 vetustate
846 1081 955 1140 moeni·

87 1179 234 1239 boeliae
250 1181 382 1240 caecina
396 1199 463 1239 cum
485 1181 585 1238 valido
605 1181 754 1251 exercitu3
776 1182 844 1239 iude
859 1181 946 1239 lllrae

89 1277 165 1337 tieae
179 1283 246 1338 ulae
260 1281 450 1355 cohortesque
464 1293 494 1337 er
515 1281 640 1354 ipsorum
656 1281 831 1339 Rhaetorum
852 1281 953 1339 iuven·

89 1381 144 1445 lua,
167 1383 252 1435 sueta
275 1381 362 1435 ermis
386 1386 415 1435 et
429 1395 508 1436 more
530 1379 652 1436 militiae
667 1381 805 1438 exercita.
828 1381 956 1454 undique

88 1479 241 1552 populatio
266 1485 296 1535 et
323 1480 437 1535 caeder.
461 1479 517 1552 ipsi
545 1479 577 1536 iu
604 1479 701 1536 medio
727 1479 804 1553 vagi,
830 1477 955 1536 abiectio

89 1579 185 1644 runis,
211 1595 316 1652 magua
337 1595 400 1651 pare
431 1577 523 1636 mucii
543 1584 592 1634 aut
613 1579 754 1650 palantes,
774 1579 805 1634 iu
826 1585 956 1634 montem

88 1677 250 1735 Vocetium
278 1675 433 1750 perfugere.
485 1676 661 1738 Acfatatim
688 1676 807 1733 luminae
834 1675 953 1734 colrorte

88 1775 253 1843 Threcum,
286 1775 408 1848 depulsi,
451 1779 491 1844 et,
523 1774 759 1832 consectantibus
799 1773 955 1834 Germania

87 1872 278 1948 Rhaetisque‚
305 1891 357 1948 per
382 1875 473 1930 silvae
499 1878 585 1947 atqua
612 1872 643 1930 in
671 1873 726 1945 ipsi
753 1875 870 1932 latebris
886 1882 955 1934 tru-
1032 1873 1033 1876 ’

87 1975 187 2032 oldati.
214 1975 304 2030 multa
331 1972 480 2029 homiuum
507 1971 598 2028 millia
621 1989 716 2037 caera,
737 1975 953 2032 multaeubco·

87 2090 159 2130 roua
181 2073 357 2128 venundata.
397 2071 538 2144 Cumque,
561 2069 662 2128 dirutis
685 2071 825 2142 omuibus,
852 2074 953 2131 Aven-

88 2171 189 2237 ticum,
212 2170 307 2244 gentis
331 2175 427 2241 ceput,
450 2171 526 2225 lueto
547 2170 662 2242 agmine
687 2175 839 2243 peteretur,
862 2171 953 2238 misai,

87 2271 138 2344 qui
152 2269 292 2326 dederent
306 2267 476 2325 civitatem:
497 2271 527 2324 el
550 2268 661 2324 deditio
684 2273 816 2339 accepta.
858 2269 893 2325 lu
907 2270 954 2325 lu-

87 2367 161 2425 lium
188 2367 337 2440 Alpinum,
361 2385 378 2422 e
404 2365 590 2438 principibus,
614 2370 644 2422 ut
671 2365 849 2422 concitorem
873 2366 952 2435 belli,

83 2465 216 2525 Caecina
230 2463 452 2522 animadvertit:
470 2469 585 2522 ceteros
606 2463 713 2522 reniae
738 2465 787 2519 vel
808 2464 952 2523 saevitiae

85 2565 207 2622 Vitellii
242 2565 365 2635 reliquit.
426 2563 511 2620 Haud
546 2561 632 2620 lacile
664 2563 743 2620 dictu
777 2569 830 2630 eet,
863 2565 952 2640 legati
964 2570 1031 2634 69,

87 2663 295 2722 Helvetiorum
327 2663 421 2719 minuo
455 2662 629 2734 placabilem
663 2663 878 2734 Imperatorem,
914 2683 951 2723 uu

89 2763 213 2838 militem
239 2761 415 2817 invenerint.
438 2757 559 2817 οἰυίἰαῑίσ
584 2757 719 2816 excidium
743 2770 872 2833 poscunt,
894 2767 954 2823 tela

88 2879 127 2919 ac
149 2879 250 2916 manus
264 2861 294 2916 in
316 2877 366 2916 ora
388 2861 562 2934 legatorum
586 2859 742 2916 intentant.
782 2859 830 2918 Ne
858 2863 953 2921 Vitel-

88 2961 147 3018 lius
161 2959 277 3033 quidem
291 2959 377 3016 minio
392 2975 427 3015 ac
452 2959 549 3015 verbis
571 2960 769 3028 temperabat:
787 2977 853 3017 eum
868 2961 954 3020 Clau·

88 3059 155 3116 dius
190 3059 306 3122 Cossur,
340 3075 413 3114 unue
444 3075 482 3114 ex
512 3057 640 3130 Legatie,
674 3063 761 3114 uotae
791 3059 955 3130 lecuodiee,

90 3158 142 3214 eerl
158 3156 276 3212 dicendi
290 3161 380 3213 artem
395 3161 463 3229 apta
478 3157 669 3228 trepidatione
694 3159 853 3224 occultans,
868 3171 955 3236 atque

90 3271 129 3313 eo
153 3255 285 3320 validior,
313 3253 413 3311 militie
432 3255 558 3318 animum
583 3254 746 3328 mitigavit:
765 3263 797 3313 ut
817 3265 861 3314 eet
885 3277 957 3316 mox

91 3357 193 3428 vulgus
210 3351 345 3410 mutabile
360 3353 470 3418 cubitis,
485 3361 519 3409 et
539 3359 597 3410 tum
618 3369 738 3424 pronum
751 3351 784 3409 iu
796 3355 957 3411 misericor·

89 3453 177 3516 diem,
190 3469 278 3528 quam
302 3453 480 3510 inmodicum
493 3449 618 3508 saevitia
631 3449 733 3508 lueret
752 3448 852 3506 effusis
873 3449 959 3504 tucri
976 3505 978 3510 ,

130 3569 199 3610 roo.
221 3569 258 3610 rr.
536 3539 601 3601 1⁵*
