2158 3820
118 117 171 186 Ι36
441 139 627 189 annaeum
841 145 919 194 av.
935 148 993 195 aas.

69 299 107 358 51
162 292 222 350 Sed
248 293 488 366 gravescentibus
514 295 545 351 iu
570 295 633 352 dies
660 295 784 368 publicis
805 299 900 367 malis,
927 302 997 358 sub·

12 421 13 436 1
120 391 193 448 sidia
210 393 429 449 minuebantur:
450 397 652 468 concessitque
679 397 739 450 vita
767 397 884 465 Burrus,
898 398 997 455 incer·

11 481 12 512 ³
120 491 375 554 tumvuletudine.
402 510 581 548 unveueuo.
627 493 772 549 valetudo
796 513 898 552 eaeo
922 514 996 555 cou-

119 588 289 656 iactabatur,
303 592 378 664 quod
402 591 433 646 in
457 609 488 646 se
515 595 741 648 tumescentibus
767 595 917 663 paullatim
931 595 996 654 fau-

119 687 212 754 cibus,
245 695 276 744 et
305 691 436 762 inpedito
464 697 569 756 meatu,
602 692 733 760 spiritum
767 690 897 749 finiebat.
930 697 994 766 plu·

118 805 174 850 res,
212 789 290 844 iussu
330 789 463 852 Neronis,
498 790 579 863 quasi
608 791 765 845 remedium
794 790 994 864 adhiberetur,

119 885 236 943 inlitum
259 889 385 958 paulatum
409 887 470 942 eius
497 888 585 943 nonio
608 890 812 954 medicamine,
836 891 994 948 adsevera-

117 985 207 1042 bant:
242 992 272 1040 et
302 987 432 1046 Burrum.
461 985 614 1042 intellecto
641 988 762 1052 scelere,
785 1005 850 1043 cum
879 989 917 1045 ad
947 989 993 1046 vi·

117 1085 240 1141 sendum
262 1101 326 1139 eum
339 1083 477 1157 Princeps
494 1085 630 1150 venisset,
645 1087 813 1157 adspectum
833 1086 895 1142 eius
907 1105 993 1144 aver-

117 1189 221 1262 satum,
234 1183 407 1246 sciscitanti,
428 1181 569 1246 manus,
592 1185 783 1256 respondisse,
803 1202 855 1258 ego
868 1202 910 1241 mc
923 1183 993 1244 benc

116 1273 213 1337 liabeo.
255 1282 381 1338 Civitati
405 1283 512 1358 grande
534 1283 707 1339 desiderium
723 1283 785 1340 eius
800 1287 915 1353 mansit,
937 1303 993 1358 par

118 1383 288 1438 memoriam
303 1381 427 1444 virtutis,
449 1388 479 1437 et
502 1399 702 1438 successorum
726 1383 844 1439 alterius
867 1402 992 1458 segnem

118 1478 326 1548 innocentiam,
341 1480 458 1536 alterius
479 1479 700 1554 flagrantissima
721 1481 830 1554 flagitia
855 1489 885 1538 et
909 1485 992 1540 adul-

118 1580 202 1636 teria.
236 1580 342 1654 quippe
371 1579 480 1637 Caesar
517 1579 588 1634 duos
627 1579 784 1636 Praetoriis
819 1580 991 1639 cohortibus

118 1677 299 1750 inposuerat:
323 1678 446 1734 Fenium
472 1677 587 1742 Rufum,
610 1695 649 1734 ea
675 1678 757 1751 vulgi
782 1679 892 1744 favore,
919 1679 992 1754 quia

117 1794 178 1833 rem
202 1776 415 1832 frumentariam
430 1778 494 1832 sine
508 1781 628 1849 quaestu
653 1778 810 1834 tractabat:
834 1777 990 1836 Sofonium

118 1875 309 1950 Tigellinum,
338 1881 466 1932 veterem
490 1875 704 1947 impudicitiam
726 1881 812 1950 atque
833 1876 989 1936 infamiam
1072 1877 1073 1881 ’

116 1973 148 2031 in
175 1993 212 2032 eo
238 1981 360 2032 seculus.
429 1975 525 2047 Atque
552 1974 597 2030 illi
624 1992 676 2046 pro
702 1974 828 2048 cognitis
856 1975 986 2034 moribus

115 2073 212 2130 fuere:
247 2075 372 2129 validior
396 2073 564 2146 Tigellinus
588 2074 619 2130 in
648 2073 746 2130 animo
774 2074 931 2146 Principis,
956 2080 990 2134 et
1033 2131 1043 2144 ,

115 2171 226 2230 intimis
255 2172 422 2228 libidinibus
446 2173 631 2244 adsumptus:
665 2191 801 2246 prospera
828 2174 928 2246 populi
956 2179 991 2232 et

114 2271 239 2328 militum
264 2271 340 2327 fama
364 2270 470 2327 Rufus:
502 2272 577 2345 quod
602 2271 677 2344 apud
706 2272 855 2328 Neronem
882 2273 989 2330 adver·

62 2379 177 2439 52sum
204 2371 415 2442 experiebatur.
482 2367 562 2425 Mors
589 2369 674 2425 Burri
702 2369 820 2444 infregit
849 2371 987 2428 Senecae
1070 2427 1071 2432 ,

114 2470 293 2543 potentiam3
326 2469 392 2542 quia
427 2483 481 2524 nec
510 2467 593 2523 bouis
627 2467 736 2524 artibus
763 2469 842 2525 idem
876 2467 987 2527 virium

114 2573 185 2635 erat,
205 2569 297 2624 altero
322 2569 401 2622 velut
421 2566 495 2622 duce
518 2571 625 2630 amoto,
639 2572 669 2623 et
694 2566 774 2622 Nero
798 2567 836 2623 ad
859 2567 988 2625 deterio-

113 2685 159 2724 res
174 2667 344 2723 inclinabat.
387 2665 427 2722 Hi
449 2665 537 2721 variis
561 2663 812 2722 criminationibus
835 2666 987 2726 Senecam
1069 2663 1070 2714 ἶ

113 2767 289 2830 adoriuntur,
304 2769 457 2837 ‘tanquam
473 2763 606 2837 ingentes
620 2769 651 2820 et
665 2765 809 2836 privatum
823 2781 910 2838 supra
923 2784 986 2824 mo-

113 2864 199 2922 ‘dum
213 2869 333 2920 evectas
346 2880 416 2934 opes
431 2863 525 2918 adhuc
539 2869 665 2935 augeret,
679 2863 811 2937 quodque
825 2864 919 2920 studia
943 2864 987 2921 ci-

113 2964 212 3021 ‘vium
227 2963 257 3019 in
272 2965 452 3027 serenaret,
472 2961 619 3018 hortorum
634 2979 746 3035 quoque
760 2961 939 3018 amoenitate
952 2968 986 3020 et
1068 2951 1069 2958 ἵ

112 3063 266 3120 ‘villarum
294 3059 510 3134 magnificentia
537 3059 618 3132 quasi
644 3059 812 3132 Principem
834 3077 986 3133 supergre-

111 3158 265 3217 ‘deretun’
304 3159 492 3217 Obiiciebant
516 3158 615 3224 etiam,
637 3159 840 3234 ‘eloquentiae
864 3161 984 3218 laudem

113 3261 182 3317 ‘uni
203 3258 259 3316 sibi
281 3256 452 3323 adsciscere,
474 3261 505 3310 et
528 3258 658 3315 carmina
682 3257 809 3314 crebrius
836 3257 984 3327 factitare,
1067 3255 1068 3286 ³

112 3363 282 3434 ‘postquam
303 3353 414 3414 Neroni
435 3369 515 3416 amur
536 3370 635 3413 eorum
656 3355 797 3414 venisset.
837 3356 917 3414 Nam
931 3359 983 3415 cb
