2100 3834
70 206 194 256 auro.
301 205 371 252 nra.
395 203 451 254 rra
501 129 766 254 cardi—67,
849 185 939 254 ‘ddi

70 359 140 432 pior.
184 359 270 431 Quod
295 359 321 416 oi
342 366 400 416 mm
424 358 512 416 lanile
532 333 655 418 suorum¹
671 365 785 418 nantes
809 361 991 421 llrxisnetdfi
1033 355 1034 364 ¹

71 459 221 523 Vitellius,
254 476 340 532 quam
373 458 437 530 ipse
468 466 606 525 eesserat,
634 460 816 518 incruentam
841 465 940 520 urben
1033 442 1035 496 ⁴

71 549 249 630 Vespasiani
275 557 424 615 exereitus
450 557 594 616 intrasset.
636 557 783 624 Ceterum,
811 567 843 618 ut
866 560 941 633 qnin-

70 673 123 731 qua
146 656 274 714 Vitellio
295 657 377 721 lidus,
391 658 432 714 ita
447 674 549 728 pacem
573 663 603 714 et
626 657 811 758 eonditipnes
835 661 941 716 abnue·
1035 707 1036 712 ,

46 757 148 826 bant,
163 757 338 824 ‘disarimen
360 773 396 813 ao
418 754 554 814 dedeous’
578 763 770 823 ostentantes,
785 764 834 814 ‘st
854 759 941 816 tidem

66 855 115 912 ‘in
130 855 255 914 libidine
266 855 396 912 viatoris.
437 855 466 910 N
469 871 504 912 eo
520 861 631 914 tantam
646 855 832 928 Vespasiano
844 873 941 930 snper·

71 953 175 1018 ‘biam
201 960 232 1010 ut
257 954 402 1024 privatum
417 953 571 1010 Vitellium
600 961 763 1024 pateretur:
785 974 824 1012 ne
845 956 941 1013 victos

65 1054 205 1127 ‘quidem
235 1054 350 1110 laturos.
406 1053 452 1110 lta
479 1053 640 1124 perieulum
664 1069 702 1110 ex
732 1053 940 1113 miset-inordin.

68 1153 188 1222 ‘Ipsum
209 1167 279 1208 sane
303 1168 413 1214 senem,
427 1157 457 1206 et
482 1152 624 1233 prosperis
647 1152 834 1227 adversisque
855 1154 941 1212 antia·

63 1256 159 1308 ‘tum
218 1251 278 1318 Sed
302 1251 377 1322 quod
405 1266 522 1315 nomen,
548 1267 633 1322 quem
657 1257 762 1308 statum
785 1252 844 1308 lilio
868 1253 940 1321 eins,

69 1348 281 1411 ‘Germanica
303 1345 386 1404 lore?
407 1348 496 1404 Nune
521 1349 674 1418 pecuniam
698 1357 728 1404 et
749 1351 887 1408 familiam
909 1355 940 1409 et

69 1448 189 1506 ‘beatos
205 1446 384 1518 Campaniae
412 1445 492 1504 sinus
516 1446 663 1518 promitti:
684 1449 743 1514 sed,
758 1449 806 1504 ubi
823 1449 940 1519 lmperi·

68 1553 134 1604 ‘um
165 1545 365 1616 Vespasianus
393 1545 544 1610 invaserit,
575 1563 633 1602 non
661 1545 726 1618 ipsi,
752 1561 810 1602 non
837 1546 940 1603 aminis

69 1645 160 1708 ‘eins,
184 1661 242 1701 non
255 1643 381 1715 denique
403 1642 581 1700 exercitibus
603 1643 798 1707 securitatem,
819 1643 875 1700 nisi
889 1661 940 1701 ex·

67 1742 199 1801 ‘olineto
230 1733 384 1807 aemulata,
416 1740 581 1800 redituram.
642 1741 765 1799 Fabium
790 1741 850 1798 illis
880 1742 940 1800 Va·

68 1844 209 1906 ‘lentem
236 1843 386 1911 naplivum
418 1847 448 1898 et
479 1841 594 1899 ensibus
629 1841 724 1898 dubiis
752 1849 940 1910 reservatum,

67 1946 278 2014 ‘praegravem
300 1939 404 1996 inisse:
435 1941 540 1996 nedum
572 1939 684 1998 Primus
711 1957 747 1996 ao
773 1941 885 1998 Fuscus
909 1946 941 2000 et

67 2039 241 2112 ‘apreoimen
271 2038 393 2108 partium
419 2036 583 2102 Mucianus,
609 2040 697 2096 ullam
717 2037 747 2094 in
775 2038 941 2107 Vitelliam,

68 2137 149 2196 ‘nisi
179 2135 345 2200 occidendi,
374 2135 523 2194 licentiam
549 2137 684 2194 babeant.
727 2137 794 2192 Non
820 2153 838 2193 a
866 2137 940 2193 Cae·

68 2243 152 2298 ‘aare
173 2235 352 2306 Pompeium,
378 2252 435 2292 non
450 2235 487 2293 ab
514 2236 647 2307 Augusto
674 2233 837 2292 Antonium
860 2233 940 2290 ineo·

66 2337 184 2394 ‘tames
198 2333 322 2392 reltnros.
347 2333 401 2390 nisi
415 2333 487 2390 lorte
501 2331 699 2404 Vespasianus
719 2331 836 2388 altiores
859 2329 941 2401 spiri·

67 2439 136 2492 ‘tus
155 2439 248 2504 gerat,
279 2431 396 2490 Vitellii
426 2431 529 2497 eliens,
553 2447 619 2488 oum
647 2429 788 2486 Vitellius
817 2431 941 2502 conlega

67 2531 222 2591 ‘Claudio
245 2531 327 2588 torst.
369 2529 456 2602 Quin,
484 2535 514 2586 nt
536 2545 688 2586 censuram
709 2525 806 2600 patris,
830 2532 860 2584 ul
882 2533 941 2584 tren

65 2631 277 2698 ‘Consulalua
306 2633 337 2686 ul
364 2633 406 2684 tot
427 2627 562 2702 egregiae
582 2628 684 2684 domna
715 2626 837 2684 honoret
856 2625 942 2682 dene·

37 2711 42 2716 ’
68 2733 146 2795 ‘ret,
185 2726 387 2799 desperatione
416 2727 520 2782 saltem
560 2724 591 2782 in
629 2724 780 2780 andaciam
808 2722 942 2796 noninge-

67 2834 177 2886 ‘retna
210 2832 337 2898 perstare
369 2823 502 2888 militem,
529 2840 679 2894 superesse
704 2821 799 2880 studia
833 2821 940 2896 populi.

68 2923 234 2998 ‘Denique
251 2923 323 2980 nihil
352 2922 477 2980 atrocius
501 2927 682 2986 eventurum,
709 2938 793 2994 quana
813 2920 843 2978 in
866 2921 942 2996 quod

70 3031 199 3096 ‘sponte
233 3027 326 3078 ruant.
347 3021 526 3077 moriendum
555 3017 651 3085 vietis,
685 3019 862 3078 moriendum
894 3020 942 3076 de·

70 3121 179 3179 tditis:
209 3120 238 3176 id
264 3121 356 3176 solum
382 3119 494 3186 reterre,
518 3116 706 3174 novissimum
728 3117 859 3189 spiritum
892 3133 944 3188 per

69 3218 249 3278 ‘ludibrium
284 3223 314 3274 et
347 3215 538 3274 contumelias
572 3215 731 3282 effundant,
750 3233 788 3272 an
816 3231 867 3287 per
887 3215 944 3270 vir·

72 3316 209 3376 ‘tutem’
251 3316 363 3372 Surdae
390 3317 427 3372 ad
456 3315 541 3372 sortia
561 3314 685 3370 consilia
705 3311 830 3370 Vitellio
849 3317 993 3379 aureae?

72 3419 258 3478 obruebatur
291 3413 404 3471 animus
437 3399 624 3470 miseratione
643 3426 779 3482 curaque,
805 3425 853 3476 ne,
881 3424 943 3480 par·
