2090 3838
84 179 206 230 noia
312 181 383 228 uin.
410 181 447 230 ii.
497 179 576 228 cir.
605 162 772 230 lz-ll.
871 161 945 232 203

82 337 166 390 turus.
205 335 234 391 ls
260 334 379 392 concita
400 339 488 408 gente
514 331 586 411 (nec
613 336 696 394 deest
727 332 878 413 iuventus)
903 349 947 394 si·-

80 449 145 490 cere
165 433 335 505 provinciae
361 434 466 491 finibus
487 433 669 492 Othonianos
693 434 830 494 intendit.
885 435 947 494 Sed

80 531 171 604 primo
189 533 291 605 inpetu
313 533 394 588 caesi
416 532 589 607 disiectique
612 533 753 600 meritrici,
783 539 815 592 ut
835 533 947 608 quibus,

80 634 185 686 temere
216 630 370 696 conlectis,
393 648 450 688 non
471 637 575 698 castra,
610 649 669 689 non
705 632 821 690 Ducem
855 631 948 690 nosci·

79 729 211 797 tentibus,
232 747 327 804 oeque
355 729 387 786 in
408 729 531 787 victoria
558 731 649 788 decos
680 735 767 797 esset,
801 747 895 804 neque
915 729 947 788 in

79 825 144 901 l'iiga
163 827 315 901 flagitium.
357 828 497 885 Inritatus
523 827 684 900 coproelio
704 828 830 886 Othonis
854 827 999 896 miles,13

80 927 165 984 vertit
179 927 235 984 iras
248 927 280 984 in
306 927 495 1000 municipium
513 926 630 984 Albium
651 926 846 984 Intemelium.
861 926 947 1001 *quip-

80 1041 115 1096 pe
133 1025 164 1083 in
188 1026 254 1083 acie
277 1025 351 1082 nihil
376 1027 518 1098 praedae:
539 1025 642 1098 inopes
666 1031 794 1099 agrantes
818 1030 849 1083 et
875 1025 947 1084 vilia

80 1139 173 1182 armar
204 1143 260 1184 nec
291 1123 359 1197 oapi
390 1129 532 1196 poterant,
553 1124 656 1196 pernix
686 1139 778 1198 geniis
805 1129 836 1182 et
862 1123 946 1199 goari

80 1223 213 1280 locomm.
234 1225 286 1279 sed
307 1221 522 1280 calamitatibus
547 1221 703 1280 insontium
722 1225 840 1296 expleta
853 1223 946 1281 auari-

80 1320 125 1378 tis.
168 1321 265 1380 Auxit
285 1321 429 1379 insidiam
455 1325 603 1395 praeclaro
615 1324 752 1393 exemplo
774 1322 882 1380 lamina
897 1322 946 1380 Li·

79 1436 135 1492 gus,
161 1437 237 1494 quae
260 1419 321 1477 filio
342 1421 450 1487 abdito,
470 1437 536 1478 cum
568 1420 653 1478 simul
675 1421 829 1492 pecuniam
848 1417 968 1478 occul-l

80 1519 129 1576 tari
148 1519 261 1576 milites
280 1518 483 1586 credidissent,
503 1535 595 1592 eoque
624 1536 675 1590 per
694 1517 946 1579 cruciatusinter·

78 1624 220 1691 rogarent,
251 1615 300 1674 iiiii
320 1616 420 1695 filium
447 1615 605 1674 occideret?
634 1623 747 1674 uterum
779 1617 946 1686 ostendens,
974 1595 1006 1637 ’ζ

78 1713 159 1774 lum
194 1717 351 1790 respondit.
394 1717 459 1774 Nec
480 1717 546 1799 ullis
573 1717 680 1774 deinde
706 1714 869 1782 terroribus,
896 1719 946 1773 aut

78 1823 177 1882 morte,
198 1797 393 1874 constantiam
418 1816 500 1872 vocis
525 1815 660 1890 egregiae
684 1814 817 1872 mutavit.
858 1813 944 1874 lamt-
977 1817 997 1874 4

77 1929 136 1972 aere
152 1912 314 1991 movimur
335 1911 525 1979 Narbonensi,
542 1911 573 1969 in
592 1911 675 1970 urrbn
691 1911 800 1972 Vitellii
817 1912 945 1983 armine,

77 2012 195 2072 ebanem
217 2011 347 2080 Olbensis,
368 2013 463 2070 Fabio
477 2012 598 2070 Valenti
627 2013 731 2086 trepidi
755 2013 850 2076 nuntii
864 2015 945 2072 adiu·

77 2114 143 2170 lere.
202 2113 333 2169 Aderant
356 2111 446 2186 legali
472 2111 661 2180 coloniarum,
689 2114 830 2170 auxillum
862 2129 945 2170 ornu-

77 2217 128 2268 tes.
172 2212 255 2268 Duas
283 2211 468 2283 Tungrorum
495 2211 638 2276 cohortes,
669 2217 790 2284 quatuor
817 2209 946 2283 equitnm

76 2316 191 2377 tui-uas,
201 2309 369 2366 universam
382 2309 578 2367 Treverorum
592 2312 668 2365 alam
684 2323 751 2364 cuin
766 2307 843 2364 Iulio
864 2307 945 2364 Clas·

72 2408 143 2476 sico,
170 2409 334 2475 Praefecto,
355 2409 452 2465 misit:
473 2408 608 2483 equibus
631 2423 696 2480 pars
711 2407 742 2462 in
757 2404 874 2462 colonia
889 2405 946 2462 Fo-

76 2507 227 2565 roiuliensi
252 2511 375 2573 retenta,
395 2525 442 2572 ne,
470 2507 604 2564 omnibns
628 2507 722 2579 copiis
749 2505 781 2562 in
811 2509 944 2562 terrestre

75 2606 131 2663 iter
145 2607 248 2672 versis,
263 2623 358 2662 vacuo
381 2605 453 2662 meri
476 2605 578 2663 classis
600 2606 786 2662 acceleraret.
829 2604 946 2661 Duode-

75 2707 135 2764 cim
154 2705 284 2778 equitum
309 2713 429 2770 turmae,
450 2709 479 2760 el
505 2703 576 2761 lecti
599 2721 615 2759 e
640 2701 816 2770 cohortibus,
845 2705 948 2760 adver·

74 2821 121 2862 sus
146 2805 260 2860 hostem
280 2803 358 2859 iere:
379 2802 481 2877 quibus
506 2802 645 2886 adiuncta
670 2802 807 2875 Ligurum
832 2803 948 2874 cohors,

75 2909 160 2958 veliis
182 2902 240 2958 loci
263 2901 413 2968 auxilium,
434 2907 465 2958 et
488 2900 640 2975 quingenti
667 2901 777 2974 Alpini,
800 2902 847 2975 qui
873 2920 944 2960 non·

73 3003 143 3058 diiin
163 3002 218 3056 sub
237 3001 338 3072 signis.
382 3001 447 3056 Nec
472 3015 552 3057 mora
578 2998 708 3071 proelio:
738 3001 789 3056 sed
814 3001 878 3056 acie
904 3000 946 3058 ila

73 3100 227 3165 instructa,
256 3103 286 3154 iit
314 3115 379 3172 pars
404 3099 601 3166 classicorum,
630 3097 729 3154 mixtis
756 3100 886 3172 paganis,
914 3101 946 3156 iu
1011 3131 1012 3138 κ

106 3273 183 3319 Vacuo
192 3271 262 3331 mari]
279 3270 293 3316 i.
306 3287 325 3316 e.
338 3271 399 3328 cpiiis
408 3271 461 3318 litiis
471 3271 537 3318 nullis
546 3270 662 3332 praesidiis
673 3271 780 3316 miinitiim
793 3275 857 3316 esset.
888 3271 948 3316 Em.

104 3351 187 3420 Micio
202 3350 382 3452 paganisq'li..e.
400 3365 443 3394 riori
459 3349 567 3394 militibus
582 3349 686 3416 quidemn
696 3349 734 3414 sed
750 3347 787 3404 qui
805 3351 879 3389 temeri
894 3359 951 3387 niine
976 3357 980 3381 i

75 3412 159 3472 aliquid
171 3423 256 3470 operae
269 3424 299 3452 mi
311 3414 372 3454 iteris
391 3415 506 3454 navarent.
539 3408 622 3464 Pagaui
640 3405 746 3450 militibus
761 3406 910 3468 opponuntur.
921 3400 951 3442 de

78 3471 104 3516 iis
121 3470 223 3517 Picbena
238 3467 268 3513 nd
284 3467 308 3512 ii.
318 3467 334 3512 l.
346 3473 370 3512 et
385 3466 436 3512 intt.
449 3464 551 3511 Suetonii
561 3463 643 3520 aliique
653 3461 741 3504 abunde
751 3459 835 3502 diiiere.
862 3455 920 3497 Em.
