2158 3820
118 177 242 228 accc
369 177 441 225 cm.
458 175 532 224 xrr.
574 175 651 224 cau.
671 157 838 225 15.-17.
941 159 988 224 lb

117 333 175 388 bus.
226 329 337 388 Facies
365 335 541 399 accerserat,
567 332 671 390 cohors
695 331 829 400 militum,
854 331 988 391 Centuri-

119 447 186 488 ones
219 429 406 504 'l'ribunique
441 435 473 488 et
499 447 632 488 moerens
659 429 766 488 Burrus
793 449 829 489 ec
856 433 986 490 laudans.
1054 445 1055 452 ¹

120 529 262 604 Tuncque
288 529 413 605 primum
433 529 592 604 conscripti
616 543 683 588 sunt
710 529 830 604 Equites
852 531 987 603 Romani,

119 635 312 703 cognomento
337 615 579 703 Augrmommm',
603 634 701 687 aetate
728 646 764 687 ac
791 631 893 687 robore
919 647 987 688 con·

118 729 219 802 spleni,
232 733 263 786 et
292 745 357 801 pars
382 727 503 802 ingenio
528 745 675 802 procaces,
688 726 739 785 alii
759 728 792 785 in
815 745 867 802 spe
888 735 988 800 poten·

118 827 182 885 tiae.
227 827 267 884 lli
281 827 346 884 dies
360 843 395 883 ac
407 833 508 884 noctes
523 827 668 900 plausibus
684 843 852 901 percontarer
868 827 987 884 lormatn

87 921 93 938 ⁸
119 925 263 1000 Principis
291 943 452 1000 vocemque
480 927 577 984 Deum
605 926 767 1012 vocabulis!
785 927 983 1000 adpellaules:

117 1027 196 1100 quasi
231 1043 284 1098 per
308 1025 446 1083 virtutem
473 1025 544 1082 clari
568 1025 759 1100 honoratique
786 1043 882 1100 agere.
938 1026 985 1082 Ne
1001 1027 1039 1084 16

60 1181 66 1190 ,
117 1129 214 1183 tamen
243 1124 373 1181 ludicrae
401 1129 515 1181 tanturn
540 1124 724 1197 lmperatoris
748 1131 824 1182 artes
856 1131 986 1182 notesce-

114 1229 187 1290 rent,
201 1224 363 1280 carminum
391 1241 503 1298 quoque
525 1225 651 1282 studium
673 1219 842 1291 admavit,
856 1231 986 1281 contrac-

23 1339 24 1392 ῖ
114 1323 159 1388 tis,
181 1323 287 1398 quibus
307 1323 404 1396 aliqua
431 1324 576 1396 pangendi
603 1324 735 1380 lucullus.
776 1323 923 1383 Necdum
945 1321 987 1378 in·

23 1417 24 1462 i
112 1423 203 1496 signis
229 1423 335 1478 aetolis
359 1421 430 1490 noli,
454 1421 607 1480 considere
632 1423 728 1488 simul,
752 1431 781 1480 et
804 1421 916 1480 odlalos
936 1422 987 1499 ,vel

23 1501 24 1506 ἵ
110 1521 223 1579 ibidem
239 1527 369 1594 repertor
384 1537 484 1578 versus
498 1529 685 1592 connectere,
708 1529 796 1595 atque
810 1522 899 1593 ipsius
926 1537 988 1576 ver·

23 1649 24 1664 t
111 1623 157 1687 ba,
172 1621 376 1695 quoquomodo
392 1623 513 1694 prolate,
527 1624 670 1694 supplere.
690 1621 766 1696 quod
791 1619 989 1692 speciosiora

23 1775 28 1796 7,
111 1721 275 1779 carminum
300 1721 477 1786 docet,moo
499 1720 600 1792 inpetu
624 1727 653 1776 et
676 1721 827 1783 instincto,
858 1733 988 1776 necere

110 1837 170 1878 uno
184 1821 287 1877 fluens.
328 1820 426 1877 Etiam
447 1819 609 1892 sapientiae
632 1821 797 1876 doctoribus
820 1825 931 1891 tempus
946 1819 988 1876 in·
1052 1815 1055 1824 “

23 1911 24 1920 ’
110 1920 258 1994 pertiebat
278 1925 342 1992 post
357 1921 466 1992 epulus,
481 1927 513 1976 ut
524 1921 669 1977 contraria
684 1919 917 1976 adseverantium
933 1919 990 1974 rtis·

110 2017 232 2076 cordiae
258 2025 434 2075 eruerentur.
455 2035 513 2076 nec
540 2019 669 2086 dec-rant,
697 2019 745 2092 qui
772 2037 822 2074 ore
851 2021 988 2091 vultuque

110 2117 188 2175 tristi
219 2118 298 2174 inter
324 2119 540 2174 oblectamenta
566 2110 658 2192 Regia
684 2118 808 2190 spectari
836 2123 987 2189 cuperent.

112 2218 175 2275 Sub
190 2217 271 2273 idern
286 2221 407 2289 tempus,
422 2216 483 2272 levi
505 2218 695 2280 contentione
715 2223 797 2283 atrox
813 2219 987 2282 codeseda,
1003 2217 1039 2277 17

108 2315 189 2372 inter
222 2317 344 2371 colonos
378 2315 544 2372 Nucerinos
577 2315 838 2390 Pompeianosque,
880 2297 988 2390 gladia·

109 2415 188 2471 torio
218 2416 398 2486 spectaculo,
436 2415 510 2487 quod
546 2415 701 2472 Livineius
736 2417 874 2488 Regulus,
902 2431 988 2488 qtrern

108 2521 223 2570 motum
254 2511 367 2568 Senatu
389 2513 483 2578 retuli,
497 2515 611 2570 edebat.
634 2513 739 2588 quippe
763 2515 908 2588 oppidana
933 2517 988 2586 las·

109 2612 194 2669 civia
209 2611 341 2668 invicem
353 2599 545 2678 incessentes,
574 2615 684 2685 probru,
708 2613 815 2670 deinde
827 2619 910 2684 lexa,
940 2633 987 2689 po·

108 2717 221 2768 stremo
256 2710 360 2792 sermm
387 2727 544 2782 sumpsere,
574 2711 715 2769 validiore
745 2713 986 2793 Pompeianorum

107 2811 208 2884 plebe,
232 2809 308 2881 opud
333 2826 404 2883 quos
427 2813 627 2881 spectaculum
651 2813 799 2869 edebatur.
842 2813 919 2888 Ergo
944 2831 988 2870 re·

108 2908 221 2983 portati
236 2907 346 2966 suntin
362 2909 461 2965 urbem
476 2909 590 2966 multie
616 2910 782 2978 Nucerinis,
809 2917 911 2969 trunco
937 2929 988 2985 per
1054 2901 1055 2904 ¹

108 3011 239 3068 vulnere
251 3023 429 3080 corporeae
452 3008 580 3081 plerique
604 3006 755 3066 liberorum
773 3015 821 3066 aad
837 3011 987 3086 porirrtunr

106 3114 216 3166 mortes
229 3108 385 3165 deflebant.
426 3107 517 3165 Cuius
531 3107 573 3164 rei
587 3108 727 3166 iudicium
743 3109 884 3182 Princeps
897 3112 986 3168 Sens-

108 3209 165 3276 tui,
191 3209 318 3265 Senatus
333 3205 508 3264 Consulibus
532 3207 670 3279 permisit.
711 3207 750 3264 lit
775 3225 869 3263 rursus
895 3227 925 3264 re
949 3208 986 3264 od

142 3371 251 3418 Maerens
271 3367 385 3419 uantur.
405 3381 430 3418 uc
450 3367 554 3427 landam]
592 3367 680 3414 Nolent
698 3373 722 3412 et
741 3365 879 3410 admirentur
896 3334 991 3418 iuuenes

108 3429 253 3477 brevitatem
264 3432 288 3473 el
302 3437 401 3502 'mm'
414 3425 434 3471 Τ
436 3423 505 3470 acltl!
