2100 3834
80 201 208 252 s.c.ro.
302 201 372 248 crs.
401 203 450 250 ιιι.
502 203 580 249 ear.
608 160 775 250 ar'.-..aa‚
883 185 955 250 305
1041 139 1042 216 i

78 374 160 423 rone,
193 359 277 413 velut
312 376 348 414 ex
382 358 568 423 necessitate,
606 375 672 415 mox
705 363 819 430 sponte,
853 355 956 414 mimos

83 457 235 521 actitavit,
255 458 330 513 scite
364 458 454 530 magis
475 475 560 531 quarn
582 459 678 528 probe.
721 459 848 530 Legatos
871 455 957 528 legiu-

79 555 126 612 nis
140 564 170 610 et
194 555 272 612 fovit
289 557 461 630 Verginium
476 565 504 612 et
528 556 688 613 infamavit.
732 555 889 612 Fonteium
903 555 957 612 Ca·

80 653 216 729 pitonem
248 665 430 727 eonruptunr‚
464 674 514 712 seu
545 657 612 730 quia
640 673 830 727 conrumpere
860 651 957 727 nequi·

81 763 177 818 verat,
210 755 366 811 interfecit.
409 755 522 821 Galbae
553 757 701 826 proditor:
731 739 864 826 Vitellio'
885 753 957 808 fidus

80 859 111 909 ct
141 854 266 909 aliorum
293 853 411 925 perfidia
442 855 618 910 inlustratus.
670 854 802 924 Abrupta
830 848 1012 922 undiquebss

83 969 149 1024 spe,
184 953 368 1008 Vitellianus
402 953 493 1019 miles,
525 953 693 1009 transiturus
727 952 757 1007 in
793 957 897 1024 parles,
926 949 957 1005 id

80 1069 197 1124 quoque
214 1069 271 1106 nou
296 1051 360 1106 sine
383 1053 499 1116 decore,
520 1054 570 1107 sed
595 1055 647 1107 sub
668 1050 758 1124 signis
781 1048 956 1122 vexillisque

79 1149 112 1205 in
133 1150 284 1206 subiectos
315 1151 443 1206 Narniae
468 1167 585 1221 campos
609 1150 796 1205 descendere.
839 1146 957 1204 Flavia·

78 1265 133 1304 nus
169 1248 329 1314 exereitus,
364 1256 394 1304 ut
424 1249 460 1304 ed
496 1249 646 1321 proelium,
667 1249 795 1305 intentus
828 1257 956 1303 ornatus·

79 1364 146 1417 que,
168 1347 269 1402 densis
294 1347 372 1403 circa
401 1347 479 1404 viam
507 1348 664 1410 ordinibus,
692 1347 852 1403 adstiterat.
898 1349 956 1404 Aa·

80 1445 163 1517 cepti
179 1445 211 1500 in
239 1446 364 1502 medium
390 1446 556 1503 Vitelliani.
579 1453 608 1502 et
632 1446 824 1502 circumdatos
845 1445 957 1500 Prirnus

83 1543 238 1603 Antonius
261 1546 423 1601 elementer
447 1545 617 1619 adloquitur.
632 1551 715 1616 ‘pars
731 1542 869 1607 Narniae,
893 1559 956 1612 pars

80 1645 290 1700 ‘Interamnae
313 1641 480 1700 subsistere’
503 1644 582 1700 iussi.
605 1643 725 1700 relictae
753 1641 836 1697 simul
859 1659 875 1695 e
897 1641 957 1698 vie·

80 1741 207 1800 tricibns
223 1741 362 1816 legiones,
388 1761 481 1818 neque
509 1742 725 1817 quiescentibus
739 1757 851 1815 graves,
866 1747 894 1796 et
909 1740 957 1796 ad-

81 1859 188 1898 versus
213 1841 429 1899 contumaciam
445 1842 570 1900 validae.
614 1841 681 1898 Non
696 1841 820 1897 omisere
844 1857 893 1913 per
907 1855 957 1896 eos
1041 1903 1042 1906 Ἴ

79 1942 145 2000 dies
174 1943 287 1994 Primus
310 1959 346 1996 se
369 1941 474 2004 Varus,
499 1939 609 1996 crebris
638 1941 746 1998 nuntiis
761 1941 902 1998 ‘satutem
928 1943 959 2002 et

78 2037 257 2112 ‘pecunisrn
268 2042 296 2092 et
311 2041 423 2093 secreta
438 2032 626 2107 Campaniae'
641 2037 741 2092 offerre
754 2036 887 2103 Vitellio,
902 2039 957 2108 ἐι,

79 2145 87 2172 ¹
102 2137 207 2212 positis
222 2135 318 2200 armis,
343 2153 431 2209 seque
445 2151 481 2190 ae
496 2135 601 2190 liberos
616 2152 682 2191 suos
697 2135 881 2208 Vespasiano
896 2155 956 2208 per·

82 2233 253 2294 ‘misisset’
295 2235 330 2290 ln
355 2234 489 2318 eundem·
504 2236 620 2291 modum
644 2238 674 2290 et
700 2233 857 2290 Mucianus
879 2249 956 2292 eum·

81 2335 182 2410 posuit
206 2333 363 2407 epistolas:
384 2332 485 2406 quibus
506 2335 672 2407 plerumque
694 2333 782 2389 tidere
807 2332 957 2400 Vitellius,

82 2451 121 2490 ac
136 2433 192 2488 ‘de
213 2449 332 2488 numero
353 2448 510 2498 servorum,
538 2432 684 2488 electione
712 2429 845 2495 litorum?
870 2433 955 2504 loqui.

84 2533 189 2590 Tanta
211 2533 331 2602 torpedo
355 2531 502 2588 invaserat
525 2530 662 2597 animum,
677 2536 717 2596 ut,
738 2530 764 2587 si
789 2529 956 2602 Principem

82 2649 151 2689 eum
177 2629 266 2686 tuisse
293 2629 386 2690 ceteri
408 2647 466 2687 non
489 2629 699 2698 meminissent,
719 2629 781 2702 ipse
802 2628 956 2686 oblivisce·

83 2738 175 2790 retur.
678 2795 681 2802 ¹

135 2829 179 2889 At
215 2829 353 2902 primores
365 2829 496 2888 civitatis
533 2827 671 2889 Flavium
700 2827 849 2894 Sabinum,
870 2828 1009 2896 Prae-64

83 2929 195 2986 tectum
210 2929 293 2996 urbis,
310 2929 431 2985 secretis
451 2927 631 2984 sermonibus
656 2927 829 2993 incitabant,
843 2933 851 2958 ⁴
865 2927 957 2984 victo·

82 3027 167 3084 ‘riae
178 3027 329 3100 famaeque
349 3033 460 3100 partem
473 3032 647 3099 capesseret.
670 3043 733 3082 esse
748 3027 792 3084 illi
812 3026 956 3098 proprium

83 3126 230 3184 ‘militem
244 3126 407 3184 cohortium
431 3127 619 3184 urbanarum:
642 3141 697 3182 nee
723 3126 867 3182 delaturas
883 3125 955 3197 vigi·

84 3227 164 3282 ‘lum
179 3225 322 3291 cohortes,
337 3223 458 3280 servitia
472 3223 763 3296 ipsorum,=iortunam
779 3223 910 3295 partium,
925 3226 956 3278 et

83 3323 202 3382 ‘omnia
218 3341 306 3395 prona
322 3321 489 3380 victoribus.
503 3339 540 3378 ne
554 3321 685 3378 Antonio
694 3321 832 3393 Varoque
846 3321 882 3376 de
897 3323 956 3390 glo·

83 3422 145 3488 ‘ria
159 3423 343 3484 concederet.
385 3421 498 3484 Paucas
514 3419 641 3480 Vitelliov
653 3419 797 3488 cohortes,
818 3423 848 3473 et
863 3433 952 3480 uroes·
