2090 3838
100 243 127 296 t.
143 242 170 290 c.
186 246 223 293 ro.
339 243 409 290 nra.
441 242 477 289 rr.
528 241 606 336 aaa.
641 220 808 290 75.-⁷⁷.
894 225 967 294 243

103 399 221 465 ‘tutem,
233 415 272 454 ne
284 401 386 456 eontra
400 397 469 454 Caii
479 395 603 470 quidem,
612 402 662 454 aut
671 397 796 465 Olaudii,
806 400 855 456 vel
877 399 968 456 Nero·

97 496 170 558 'nia
192 496 345 553 fundatam
368 498 457 569 longo
472 495 598 566 lmperio
623 495 751 562 domum,
776 497 965 571 exsurgimus.

100 594 236 652 ‘cessisti
250 595 340 652 etlam
362 595 476 650 Oalhaa
492 594 674 669 imaginihus.
697 602 809 666 torpere
834 597 915 663 ultra,
937 601 968 652 et

100 695 108 724 ‘
116 695 305 764 polluendam
320 695 552 768 perdendamque
562 692 785 766 Rempuhlioam
797 693 967 766 relinquere,

99 791 202 862 ‘sopor
216 799 248 848 et
262 792 383 865 ignavia
408 791 563 858 videretur,
585 791 674 848 etiam
699 790 725 848 si
741 791 803 856 tihi,
826 807 911 866 quam
926 792 967 848 in·

99 889 252 956 ‘honesta
274 895 333 946 tam
369 896 430 946 tuta
450 891 575 946 servitus
598 889 704 946 esset'
746 889 830 948 Abiit
855 891 912 948 iam
936 895 967 947 et

99 992 320 1046 ‘transvectum
347 997 392 1046 est
417 995 539 1061 ternpus,
559 1005 615 1062 quo
629 1005 727 1060 posses
754 989 846 1046 videri
861 1005 967 1046 conou-

97 1087 206 1159 ‘pisse,
220 1087 448 1161 confugiendum
462 1095 506 1144 est
520 1088 556 1144 ad
583 1085 747 1158 Imperium.
790 1088 839 1146 Au
854 1085 966 1146 aaeidit

99 1187 277 1244 ‘trucidatus
292 1183 443 1244 Corbulo?
463 1185 641 1259 splendidior
668 1185 786 1259 origine,
807 1203 891 1260 quam
911 1203 965 1244 nos

97 1286 226 1350 ‘samua
253 1285 362 1342 fateor:
383 1286 435 1341 sed
463 1291 492 1341 et
522 1284 610 1350 Nero,
635 1284 786 1340 nobilitate
815 1286 965 1353 natalium,

98 1384 276 1442 ‘Vitellium
291 1383 430 1440 anteibat.
472 1383 550 1440 Satis
574 1384 668 1440 olarus
689 1389 733 1439 est
760 1385 835 1455 apud
863 1385 965 1442 timen-

99 1487 188 1549 ‘tem,
209 1482 339 1556 quisquis
360 1483 485 1538 timetur.
526 1482 565 1540 Et
580 1498 662 1554 posse
676 1482 713 1538 ab
738 1483 868 1538 exercitu
884 1482 965 1538 Prin·

99 1581 216 1654 ‘aipem
239 1582 311 1648 fieri,
345 1580 401 1637 sihi
422 1582 483 1653 ipse
507 1580 646 1637 Vitellius
666 1581 858 1647 documeut03
879 1579 964 1636 nullis

99 1679 285 1752 ‘stipendiia
320 1681 398 1736 nulla
426 1679 545 1736 militari
574 1678 659 1744 lama,
681 1678 795 1734 Galbae
816 1678 884 1735 odio
904 1693 966 1749 pro·

96 1784 232 1836 ‘ventum
288 1779 355 1834 Neo
383 1778 529 1835 Othonem
563 1777 679 1851 quidem
700 1777 792 1834 Ducis
825 1781 896 1844 arte,
916 1779 966 1832 aut

98 1879 266 1938 ‘exercitus
287 1876 326 1942 vi,
354 1877 405 1932 sed
434 1892 623 1948 praepropera
647 1874 736 1948 ipsius
763 1877 964 1949 desperatione

96 1977 307 2041 ‘vintoniam
320 1975 542 2058 desiderabilem
556 1981 585 2031 et
598 1991 730 2047 magnum
747 1975 911 2049 Principem
926 1977 964 2032 le·

96 2079 166 2136 ‘ait
210 2077 289 2132 Cum
308 2073 424 2130 interim
438 2073 546 2147 spargit
568 2073 705 2146 legiones,
720 2083 851 2133 exarmat
864 2077 964 2132 eohor-

98 2183 172 2242 ‘tes,
193 2191 274 2232 nova
293 2173 422 2247 quotidie
444 2173 521 2228 hello
545 2173 656 2230 semina
675 2174 828 2231 ministrat.
849 2175 874 2230 si
895 2173 964 2247 quid

98 2273 229 2334 ‘ardoris
243 2289 279 2328 ao
301 2272 425 2327 ferociae
441 2271 524 2328 miles
539 2271 647 2336 hahuit,
667 2271 783 2343 popinis
804 2277 834 2327 et
861 2270 964 2328 comis·

97 2374 278 2430 ‘sationibus
298 2376 327 2426 et
351 2370 496 2442 Principis
513 2369 684 2435 imitatione,
702 2368 850 2425 deteritur.
891 2367 964 2424 Tibi

98 2479 133 2529 ‘e
148 2473 258 2529 ludaea
273 2475 303 2526 et
319 2469 406 2542 Syria
428 2475 457 2524 et
476 2470 613 2541 Aegypto
628 2483 733 2524 novem
750 2465 878 2537 legiones
892 2465 963 2522 inte·

99 2577 197 2644 ‘gran
211 2570 290 2626 nulla
299 2569 364 2624 anie
378 2568 547 2631 exhaustae,
558 2583 615 2624 non
630 2563 775 2622 discordia
789 2569 962 2637 conruptae:

98 2670 169 2726 ‘sed
189 2667 316 2724 firmatus
342 2682 392 2722 usu
427 2666 520 2730 miles,
540 2671 569 2722 et
594 2663 664 2720 belli
688 2663 811 2719 domitor
830 2662 961 2720 externi:

97 2767 261 2831 ‘classium
292 2767 410 2830 alarum,
441 2763 602 2820 cohortium
628 2763 743 2829 robora;
773 2767 802 2818 et
833 2761 962 2820 fidissimi

98 2866 232 2938 ‘Regesz
254 2869 284 2920 et
303 2870 352 2920 tua
376 2868 444 2919 ante
459 2879 560 2918 omnes
580 2859 771 2933 experientia.
813 2862 906 2918 Nobis
922 2861 961 2917 ni·
974 2871 1016 2932 Π

100 2963 159 3020 ‘hil
187 2965 261 3019 ultra
288 2962 443 3035 adrogabo,
476 2976 561 3035 quarn
587 2977 624 3015 ne
651 2965 714 3031 post
742 2959 899 3018 Valentem
927 2978 962 3018 ao

128 3137 165 3183 Νι
175 3136 282 3183 Othonem
290 3135 379 3195 quidam
396 3135 468 3181 Ducis
482 3138 537 3190 urta,
552 3137 592 3179 nul
607 3133 714 3178 annuitur
724 3132 754 3187 vi,
764 3133 811 3236 aad}
842 3133 963 3180 Brevitatis

100 3199 123 3244 tt
139 3197 300 3242 sententiarum
318 3195 340 3240 in
359 3198 443 3239 arctum
462 3193 669 3255 cornpingeudarum
686 3191 781 3236 studium
814 3191 909 3237 uriorem
928 3193 964 3238 hia

101 3256 225 3302 orationem
242 3254 300 3306 lecit,
317 3262 340 3298 ut
359 3267 403 3298 non
422 3253 565 3310 grammatice
580 3257 662 3297 structa
680 3249 709 3294 ait
750 3251 824 3295 lassant
838 3251 883 3294 duo
899 3264 964 3306 argu·

100 3321 189 3363 menta:
223 3313 307 3366 rimuru,
324 3313 394 3357 vietus
411 3313 473 3357 Otho
491 3327 533 3357 non
553 3318 586 3355 est
606 3315 766 3366 argumentum,
782 3307 899 3352 Vitellium
915 3321 965 3351 esse

98 3372 181 3418 honum
220 3387 289 3424 utam,
305 3379 342 3416 aut
364 3370 497 3416 Vitellianos
521 3371 589 3414 sortes
608 3367 697 3411 milites.
733 3367 847 3430 alterurn:
876 3364 963 3428 Vitellii

99 3432 194 3478 foeditas
204 3431 268 3536 lacit&
281 3434 305 3474 ut
315 3429 382 3476 etiarn
397 3429 460 3475 Otho
475 3441 565 3488 maguus
579 3431 603 3472 et
617 3421 770 3468 desiderabilis
786 3420 888 3475 Princeps
898 3420 967 3463 luisse
1028 3479 1029 3486 ἵ

100 3489 214 3538 videatur.
269 3501 304 3534 m
