2100 3834
81 219 203 268 aeas
318 218 387 264 nra.
417 217 463 266 rr.
514 219 592 268 cae.
622 201 678 268 14.
699 201 755 266 15.
880 195 956 266 337

80 376 169 428 ‘stare
190 373 353 437 delectum,
372 389 428 442 qnu
456 371 538 430 liberi
566 391 584 428 a
612 373 788 446 parentibus,
813 373 951 430 iratresa

81 469 239 536 ‘iratribus‚
271 473 349 526 velut
375 489 537 542 supremum
562 471 739 530 dividantur.
796 473 950 544 Nunquam

79 569 187 642 ‘magis
204 569 353 626 adflictam
369 587 428 626 rem
453 571 624 632 Romanam,
639 588 694 628 neu
720 571 797 627 aliud
813 569 843 626 in
859 570 950 626 biber-

79 668 150 734 ‘nis‚
164 661 254 742 quam
269 671 404 738 praedam
418 675 446 724 et
462 687 556 725 senes.
569 661 742 726 adtollerent
758 673 869 725 tantum
884 683 950 724 ucu-

77 769 137 824 ‘lus
153 777 182 823 et
193 767 296 824 inania
310 767 455 838 legionum
468 767 586 824 numina
601 785 638 824 ne
654 773 855 840 pavescerent.
871 773 899 822 at
914 765 950 823 si·

75 867 123 923 ‘bi
139 869 227 922 robur
251 867 379 938 peditum
405 865 608 940 equitumque:
630 865 863 935 consanguineus
879 865 950 920 Ger·

74 970 218 1021 ‘manos:
242 964 356 1020 Gallias
381 963 457 1020 idem
478 945 648 1034 cupientes:
671 983 707 1022 ne
732 963 869 1020 Romanis
890 963 949 1036 qui-

74 1065 159 1119 ‘dem
174 1063 323 1135 ingratum
338 1063 366 1117 id
383 1064 499 1128 bellurn,
523 1063 605 1119 unius
631 1063 793 1136 ambiguam
807 1063 949 1118 lortunam

74 1161 283 1232 ‘Vespasiano
298 1161 495 1231 inputaturus:
513 1160 653 1217 victuriae
666 1162 806 1218 rationem
818 1178 874 1218 nun
887 1159 948 1216 red·

76 1256 142 1314 ‘di'
186 1260 301 1330 Magno
320 1275 387 1314 eum
408 1261 530 1315 adsensu
552 1261 675 1325 auditus,
696 1261 816 1317 barbaro
837 1261 892 1317 ritu
917 1265 946 1316 et
961 1253 999 1309 15

76 1357 177 1428 patriis
204 1357 455 1414 exsecrationibus
480 1357 630 1414 universus
655 1359 755 1432 adigit.
798 1357 882 1415 Missi
909 1357 947 1414 ad

75 1455 298 1516 Canninefates,
312 1456 360 1528 qui
385 1455 508 1511 consilia
531 1457 685 1514 sociarent.
727 1455 770 1512 Ea
793 1474 864 1528 gens
886 1473 947 1528 par·

77 1559 135 1610 tem
174 1555 290 1611 insulae
323 1553 403 1620 nolit,
437 1555 559 1628 urigine,
603 1537 711 1627 lingua,
746 1553 862 1619 virtuter
897 1569 948 1624 par

75 1651 222 1719 Batavis3
259 1669 377 1709 numeru
404 1660 581 1725 superantur.
625 1653 696 1709 Mox
724 1649 848 1707 occultis
876 1667 947 1707 nun·

75 1747 122 1806 tiis
152 1751 280 1824 pertexit
310 1751 479 1808 Britannica
507 1751 626 1816 auxilia,
647 1751 824 1808 Batavorum
845 1749 946 1806 uultur·

74 1853 128 1914 tes,
154 1851 260 1906 missas
283 1849 312 1906 in
337 1849 536 1915 Germaniam,
560 1857 697 1920 utsupra
724 1849 882 1915 retulimus,
909 1863 945 1904 au

74 1949 134 2004 tum
161 1947 343 2020 Magantiaui
370 1957 500 2020 agentes.
541 1947 611 2003 Erat
640 1945 670 2003 in
699 1947 942 2004 Canninefatibus

74 2047 201 2104 stolidae
221 2047 361 2102 audaciae
384 2045 504 2110 Brinno,
517 2045 651 2101 claritate
673 2047 811 2102 natalium
826 2043 944 2119 insigni.

73 2153 156 2216 pater
182 2145 254 2206 eius.
279 2146 368 2200 multa
397 2145 514 2200 hostilia
537 2160 630 2209 ansus,
659 2143 833 2201 Gaianarum
858 2161 945 2214 expe·

74 2241 219 2300 ditionum
248 2241 401 2300 ludibrium
426 2243 535 2313 inpune
562 2247 721 2314 spreverat.
764 2241 854 2312 igilur
881 2239 946 2311 ipsu

76 2341 196 2398 rebeliis
224 2341 351 2396 lamiliae
380 2339 496 2396 numine
522 2339 638 2412 placuit,
659 2337 858 2413 inpositusque
883 2353 945 2392 scu·

75 2443 114 2506 tu,
147 2457 228 2496 more
255 2437 372 2510 gentis.
395 2443 423 2494 et
457 2437 659 2494 sustinentium
693 2435 818 2492 humeris
853 2435 945 2491 vibra·

75 2541 130 2604 tus,
157 2539 225 2594 Dux
240 2537 385 2606 deligitur.
412 2537 573 2610 Statimque
597 2535 701 2591 accitis
724 2535 826 2591 Frisiis
840 2530 944 2610 (trans-

75 2636 207 2692 rhenana
220 2651 291 2708 gens
314 2632 372 2709 est)
394 2635 512 2691 duarum
526 2633 687 2690 cohortium
702 2633 832 2700 hiberna,
860 2649 943 2705 prus·

74 2791 102 2836 24
112 2790 172 2848 (28).
185 2788 221 2834 ubi
234 2789 297 2834 dnus
307 2788 336 2834 de
350 2787 424 2834 aranei
440 2786 546 2843 reticulis,
561 2786 640 2848 quibus
656 2786 693 2846 qui
709 2785 849 2848 inplicantur,
860 2786 944 2834 exitum

75 2861 118 2894 nun
131 2847 215 2893 babent
225 2851 366 2907 praedaeque
376 2852 432 2892 sunt.

103 2925 358 2983 NeRornuniran’dem
373 2925 489 2981 ingratum
502 2922 528 2968 m
542 2923 633 2984 bellum]
664 2923 745 2970 Sensus
760 2927 811 2968 est:
835 2923 944 2970 Romanis

74 2992 163 3043 gratum
183 2983 287 3028 iaciemus
305 2983 367 3028 bello
386 2983 502 3034 movendo,
537 2982 572 3027 uia
591 2981 707 3041 putabunt,
726 2982 749 3028 id
770 2983 792 3028 in
811 2981 943 3043 Vespasiani

77 3043 172 3100 gratiam
184 3048 332 3086 mornmerse.
365 3043 450 3100 ltaque,
466 3041 483 3086 si
493 2996 552 3085 narie
562 3043 697 3096 successerit,
713 3041 800 3100 culpam
810 3039 943 3101 Vespasiani

75 3095 217 3148 iureiudicio
232 3101 298 3146 Itum.
314 3099 356 3144 sibi
371 3099 403 3146 nil
419 3099 566 3144 metuendum.
588 3097 656 3146 'Mox
670 3099 709 3144 udi
728 3100 742 3144 't
756 3100 849 3144 Madaro
859 3117 879 3146 r.
890 3104 941 3155 etp.

75 3175 141 3206 scaen.
154 3165 188 3204 est
198 3159 294 3204 imitatio
303 3158 412 3203 formulae
421 3157 511 3214 adigere
520 3162 662 3204 sacramento.
717 3172 753 3203 ms.

103 3237 197 3283 Partem
203 3235 309 3339 ΙΙζιειιὶιιῖ]
338 3233 504 3305 Occidentatlem
520 3241 606 3295 partem
621 3235 714 3307 insulae¹
730 3241 754 3279 et
768 3233 860 3278 Oceano
869 3229 941 3288 proxi-

75 3311 141 3344 mam.
175 3297 257 3340 l¹bnrus
278 3295 286 3339 l
313 3328 318 3342 .
342 3298 366 3340 lu
393 3293 529 3340 nubrlrrnmn
550 3293 686 3341 Batauumm
700 3293 777 3341 ansata
791 3293 811 3336 et
826 3289 941 3335 ornatas

70 3357 157 3412 falum.
192 3353 224 3399 lbi
235 3368 291 3398 nunc
307 3352 354 3398 'I'lre
363 3351 453 3408 Hagno,
463 3351 600 3409 liettardum,
610 3360 653 3398 etc.

107 3429 257 3490 Mogontiaci]
288 3431 354 3476 Nunc
364 3429 478 3488 muyans.

115 3529 186 3571 rur..
208 3531 241 3568 rr.
541 3503 608 3562 29*
