2114 3830
109 112 236 218 serr.
380 171 451 218 nra.
478 172 525 219 rr.
576 172 655 220 car.
682 155 741 222 42.
905 155 978 222 359
1043 209 1044 224 ,

107 319 139 378 ei
152 322 285 380 oratione
311 323 432 382 curtius
447 324 613 393 Montanus,
635 344 671 384 ec
695 343 784 400 usque
806 343 979 402 progressus,

108 424 152 486 ut,
164 427 172 452 ‘
186 427 251 494 post
265 424 386 480 caedem
401 425 525 492 Galbae,
546 427 644 484 datam
659 425 838 482 interfectori
865 425 978 482 Pisonis

109 520 286 591 ‘pecuniam
313 539 330 578 a
358 523 480 596 Regulo,
504 525 721 597 adpetitumque
746 541 840 580 morsu
864 521 977 580 Pisonis

108 617 236 689 ‘capua’
249 619 420 678 obiectasset.
463 623 546 680 ‘Hoc
567 621 666 690 certe?
688 623 791 697 inquit,
805 623 905 678 ‘Nero
920 633 981 680 non·

105 717 235 789 ‘onogia
260 734 316 774 nec
343 719 525 792 dignitatem,
548 727 596 778 aut
623 723 755 786 salutem,
778 721 829 777 illa
853 719 977 777 saevitia

104 815 284 872 ‘redemisti
326 818 405 874 Sane
420 821 574 876 toleremus
590 820 708 876 istorum
722 818 914 886 detensiones,
928 818 977 894 qui

103 914 248 984 ‘perdere
262 913 345 981 ulios,
358 933 443 990 quam
455 917 620 994 periclitari
635 917 700 990 ipsi,
715 919 884 975 maluerunt.
927 907 975 974 ΤΘ

104 1011 260 1070 ‘securum
282 1014 435 1088 reliquerat
449 1018 532 1072 exsul
556 1021 645 1088 pater,
659 1023 688 1073 et
709 1016 804 1073 divisa
827 1016 903 1072 inter
916 1033 974 1072 cre·

104 1110 238 1168 *ditores
254 1113 338 1177 bona,
361 1114 487 1170 nondum
508 1115 647 1170 bonorum
670 1131 764 1187 capax
784 1121 880 1172 aetus:
903 1110 975 1172 nibil

102 1223 115 1248 ‘
125 1212 205 1287 quod
219 1229 258 1267 ex
273 1216 302 1266 te
316 1211 537 1284 concupisceret
552 1213 579 1269 N
583 1229 641 1274 ero,
662 1212 734 1270 nibil
760 1215 834 1288 quod
850 1213 974 1271 timeret.

100 1311 251 1368 ‘libidine
276 1309 426 1383 sanguinis
453 1316 483 1366 et
511 1311 590 1366 biatu
626 1312 816 1384 praemiorum
844 1314 973 1386 ignotum

99 1411 220 1468 ‘adbuc
235 1409 393 1482 ingenium,
422 1416 452 1466 et
467 1410 552 1468 nullis
576 1411 792 1466 defensionibus
813 1416 971 1482 expertum,

98 1510 217 1566 ‘ccede
243 1508 333 1564 nobiti
357 1507 486 1564 inbuisti.
507 1526 574 1565 cum
594 1527 634 1564 ex
657 1507 756 1564 iuuere
772 1507 971 1579 Reipublicae,

96 1607 213 1680 ‘raptis
236 1605 442 1664 consularibus
467 1608 577 1679 spoliis,
604 1605 768 1679 septuagies
782 1603 915 1661 sestertio
929 1621 971 1660 sa·

98 1706 251 1780 ‘ginatus,
272 1711 301 1762 et
329 1706 492 1762 sacerdotio
512 1705 633 1779 fulgens,
648 1705 783 1762 innoxius
805 1720 916 1778 pueros,
929 1703 972 1760 in-

96 1811 107 1839 ‘
122 1806 228 1862 lustres
241 1821 336 1869 senes,
351 1803 523 1876 conspicuas
536 1805 658 1860 semines
679 1805 781 1860 eadem
795 1803 876 1860 ruina
898 1821 973 1876 pros·

99 1881 287 1960 ‘lerneresz
328 1919 395 1958 curn
429 1903 583 1976 segnitiam
620 1903 747 1959 Nemnis
796 1898 973 1970 incusatae?

97 2001 199 2076 ‘quod
226 2001 417 2072 persingulas
440 2002 539 2057 (torum
554 2019 641 2075 seque
666 2010 695 2057 et
709 2003 852 2058 delatores
874 2001 973 2074 latiga-

97 2103 186 2156 ‘ret2
209 2115 291 2170 posse
313 2099 479 2155 uuiversum
496 2101 635 2156 Senatum
651 2117 708 2155 una
735 2117 810 2156 voce
831 2097 970 2153 subverti.

97 2195 275 2260 ‘Retineta
290 2197 391 2252 Patres
416 2197 583 2270 conscripti,
603 2203 633 2253 et
653 2205 800 2252 reservate
825 2195 972 2250 hominem

97 2300 187 2352 ‘tam
202 2293 334 2366 expediti
346 2296 472 2362 consilii,
497 2301 528 2352 ut
550 2296 644 2353 omnis
667 2299 747 2350 aetas
771 2294 911 2350 instructa
925 2291 973 2359 sil,

98 2399 109 2428 ‘
121 2398 156 2450 et
175 2394 317 2466 quomodo
337 2410 422 2448 senes
448 2395 537 2450 nostri
561 2395 743 2459 Marcellum,
767 2391 910 2464 Crispum,
930 2389 972 2446 iu-

100 2497 217 2546 ‘venes
240 2492 393 2566 Regulum,
417 2492 574 2548 innitentur.
617 2469 737 2547 Inuenit
762 2489 851 2546 eliam
876 2507 971 2546 aemu-

101 2592 164 2648 ‘los
179 2589 283 2646 infelix
308 2589 445 2663 nequitia.
466 2590 533 2663 quid
558 2590 583 2646 si
608 2590 707 2646 floreat
731 2585 912 2662 vigeatque?
932 2587 971 2646 Et

97 2696 212 2762 ‘quem
235 2689 330 2744 adbuc
357 2687 559 2759 Quaestorium
577 2688 722 2744 offendere
742 2705 799 2744 uou
822 2688 971 2755 audemus,

98 2785 302 2844 ‘Praetorium
316 2792 346 2842 et
367 2787 556 2842 Consularem
583 2785 671 2842 visuri
696 2783 814 2844 sumus?
836 2788 885 2844 An
912 2789 970 2845 Ne·

98 2890 221 2942 ‘ronem
245 2890 406 2940 extremum
420 2884 600 2942 dominorum
623 2881 753 2956 putatis?
773 2885 854 2943 Idem
879 2885 970 2944 credi-

98 2985 235 3050 ‘derant,
255 2983 303 3057 qui
329 2983 461 3049 Tiberio,
475 2978 522 3057 qui
545 2984 628 3050 Caio,
652 2983 819 3057 superstites
841 2985 968 3043 luerunt:

99 3089 189 3140 ‘cum
213 3081 329 3138 interim
357 3069 550 3138 intestabilior
573 3089 603 3138 et
631 3084 747 3140 saevior
770 3099 887 3142 exortus
915 3086 968 3141 est.

132 3234 213 3288 Raptis
223 3234 385 3282 emmunim
394 3235 477 3296 spoliis]
509 3236 654 3288 Quaestorius
670 3241 758 3282 tanturn
768 3239 817 3280 erat
827 3237 933 3293 Regulus,
944 3239 969 3280 ut

99 3309 152 3342 mox
162 3294 257 3339 dicitur:
275 3308 329 3351 ergo
337 3296 434 3340 nonduin
451 3309 504 3340 acce
534 3303 569 3342 rat
582 3297 727 3348 consulatum,
742 3293 865 3364 praemium
881 3307 969 3338 accusa-

99 3352 176 3406 tionis,
192 3358 217 3398 ut
233 3353 281 3397 vrrlt
300 3353 395 3414 Lipsius.
427 3353 500 3399 Consu
510 3356 558 3400 aria
578 3356 635 3400 baec
652 3354 723 3415 spolia
741 3351 842 3408 intellige
856 3354 885 3398 de
899 3351 969 3415 raptis

101 3410 204 3472 captiti,
215 3411 335 3459 consularis
344 3411 394 3468 viri,
409 3411 491 3472 spoliis.
523 3413 585 3459 Brut.
