<?xml version="1.0" encoding="UTF-8"?>
<!DOCTYPE html PUBLIC "-//W3C//DTD XHTML 1.0 Transitional//EN"
    "http://www.w3.org/TR/xhtml1/DTD/xhtml1-transitional.dtd">
<html xmlns="http://www.w3.org/1999/xhtml" xml:lang="en" lang="en">
 <head>
  <title>
</title>
<meta http-equiv="Content-Type" content="text/html;charset=utf-8" />
  <meta name='ocr-system' content='tesseract 3.04.00' />
  <meta name='ocr-capabilities' content='ocr_page ocr_carea ocr_par ocr_line ocrx_word'/>
</head>
<body>
  <div class='ocr_page' id='page_1' title='image "./operaexrecensio02tacigoog_0118.png"; bbox 0 0 2100 3816; ppageno 0'>
   <div class='ocr_carea' id='block_1_1' title="bbox 95 157 948 232">
    <p class='ocr_par' dir='ltr' id='par_1_1' title="bbox 95 157 948 232">
     <span class='ocr_line' id='line_1_1' title="bbox 95 157 948 232; baseline 0.013 -11"><span class='ocrx_word' id='word_1_1' title='bbox 95 175 208 223; x_wconf 68' lang='lat' dir='ltr'>acm.</span> <span class='ocrx_word' id='word_1_2' title='bbox 288 175 360 222; x_wconf 80' lang='lat' dir='ltr'>nra.</span> <span class='ocrx_word' id='word_1_3' title='bbox 397 177 469 224; x_wconf 83' lang='lat' dir='ltr'>xvr.</span> <span class='ocrx_word' id='word_1_4' title='bbox 522 157 767 228; x_wconf 67' lang='lat' dir='ltr'>crata-10.</span> <span class='ocrx_word' id='word_1_5' title='bbox 877 166 948 232; x_wconf 82' lang='lat'>105</span> 
     </span>
    </p>
   </div>
   <div class='ocr_carea' id='block_1_2' title="bbox 85 325 1001 3464">
    <p class='ocr_par' dir='ltr' id='par_1_2' title="bbox 85 325 1001 3464">
     <span class='ocr_line' id='line_1_2' title="bbox 93 325 950 409; baseline 0.016 -27"><span class='ocrx_word' id='word_1_6' title='bbox 93 325 146 384; x_wconf 84' lang='lat' dir='ltr'>eins</span> <span class='ocrx_word' id='word_1_7' title='bbox 169 331 401 401; x_wconf 69' lang='lat' dir='ltr'>exspectabatur.</span> <span class='ocrx_word' id='word_1_8' title='bbox 445 332 572 399; x_wconf 78' lang='lat' dir='ltr'>Silanun,</span> <span class='ocrx_word' id='word_1_9' title='bbox 600 339 745 409; x_wconf 82' lang='lat' dir='ltr'>tamquam</span> <span class='ocrx_word' id='word_1_10' title='bbox 761 336 879 395; x_wconf 91' lang='lat' dir='ltr'>Naxum</span> <span class='ocrx_word' id='word_1_11' title='bbox 900 339 950 396; x_wconf 85' lang='lat' dir='ltr'>de·</span> 
     </span>
     <span class='ocr_line' id='line_1_3' title="bbox 93 428 949 510; baseline 0.018 -30"><span class='ocrx_word' id='word_1_12' title='bbox 93 428 243 494; x_wconf 80' lang='lat' dir='ltr'>veheretur,</span> <span class='ocrx_word' id='word_1_13' title='bbox 259 429 375 486; x_wconf 84' lang='lat' dir='ltr'>Ostiam</span> <span class='ocrx_word' id='word_1_14' title='bbox 395 437 524 488; x_wconf 85' lang='lat' dir='ltr'>amotus:</span> <span class='ocrx_word' id='word_1_15' title='bbox 546 437 612 505; x_wconf 79' lang='lat' dir='ltr'>poet</span> <span class='ocrx_word' id='word_1_16' title='bbox 633 434 794 508; x_wconf 78' lang='lat' dir='ltr'>municipio</span> <span class='ocrx_word' id='word_1_17' title='bbox 810 436 949 510; x_wconf 79' lang='lat' dir='ltr'>Apuliae,</span> 
     </span>
     <span class='ocr_line' id='line_1_4' title="bbox 93 525 949 608; baseline 0.014 -27"><span class='ocrx_word' id='word_1_18' title='bbox 93 525 245 584; x_wconf 78' lang='lat' dir='ltr'>auinomeu</span> <span class='ocrx_word' id='word_1_19' title='bbox 260 533 306 584; x_wconf 87' lang='lat' dir='ltr'>est</span> <span class='ocrx_word' id='word_1_20' title='bbox 330 528 461 594; x_wconf 85' lang='lat' dir='ltr'>Barium,</span> <span class='ocrx_word' id='word_1_21' title='bbox 478 531 630 590; x_wconf 73' lang='lat' dir='ltr'>clauditur.</span> <span class='ocrx_word' id='word_1_22' title='bbox 685 531 762 598; x_wconf 83' lang='lat' dir='ltr'>illic,</span> <span class='ocrx_word' id='word_1_23' title='bbox 784 533 949 608; x_wconf 78' lang='lat' dir='ltr'>indignissi-</span> 
     </span>
     <span class='ocr_line' id='line_1_5' title="bbox 94 627 949 700; baseline 0.012 -20"><span class='ocrx_word' id='word_1_24' title='bbox 94 639 159 682; x_wconf 86' lang='lat' dir='ltr'>mum</span> <span class='ocrx_word' id='word_1_25' title='bbox 172 643 271 682; x_wconf 79' lang='lat' dir='ltr'>nasum</span> <span class='ocrx_word' id='word_1_26' title='bbox 294 627 442 700; x_wconf 84' lang='lat' dir='ltr'>sapienter</span> <span class='ocrx_word' id='word_1_27' title='bbox 457 631 592 697; x_wconf 78' lang='lat' dir='ltr'>tolerans,</span> <span class='ocrx_word' id='word_1_28' title='bbox 607 647 625 687; x_wconf 88' lang='grc' dir='ltr'>ιι</span> <span class='ocrx_word' id='word_1_29' title='bbox 647 629 838 698; x_wconf 72' lang='lat' dir='ltr'>centurione,</span> <span class='ocrx_word' id='word_1_30' title='bbox 853 649 870 689; x_wconf 85' lang='lat' dir='ltr'>a</span> <span class='ocrx_word' id='word_1_31' title='bbox 884 649 949 690; x_wconf 80' lang='lat' dir='ltr'>oae-</span> 
     </span>
     <span class='ocr_line' id='line_1_6' title="bbox 93 723 949 802; baseline 0.012 -24"><span class='ocrx_word' id='word_1_32' title='bbox 93 723 149 780; x_wconf 88' lang='lat' dir='ltr'>dem</span> <span class='ocrx_word' id='word_1_33' title='bbox 168 726 264 792; x_wconf 83' lang='lat' dir='ltr'>misso,</span> <span class='ocrx_word' id='word_1_34' title='bbox 285 726 461 798; x_wconf 78' lang='lat' dir='ltr'>conripitur:</span> <span class='ocrx_word' id='word_1_35' title='bbox 483 727 683 802; x_wconf 73' lang='lat' dir='ltr'><strong>suadentique,</strong></span> <span class='ocrx_word' id='word_1_36' title='bbox 704 736 814 786; x_wconf 77' lang='lat' dir='ltr'>‘venae</span> <span class='ocrx_word' id='word_1_37' title='bbox 838 731 949 788; x_wconf 87' lang='lat' dir='ltr'>abrum-</span> 
     </span>
     <span class='ocr_line' id='line_1_7' title="bbox 93 824 948 899; baseline 0.008 -21"><span class='ocrx_word' id='word_1_38' title='bbox 93 827 177 894; x_wconf 86' lang='lat' dir='ltr'>‘pere,</span> <span class='ocrx_word' id='word_1_39' title='bbox 190 824 321 882; x_wconf 87' lang='lat' dir='ltr'>animum</span> <span class='ocrx_word' id='word_1_40' title='bbox 335 825 451 899; x_wconf 89' lang='lat' dir='ltr'>quidem</span> <span class='ocrx_word' id='word_1_41' title='bbox 480 826 566 884; x_wconf 91' lang='lat' dir='ltr'>morti</span> <span class='ocrx_word' id='word_1_42' title='bbox 587 826 784 890; x_wconf 56' lang='lat' dir='ltr'>destinatum?</span> <span class='ocrx_word' id='word_1_43' title='bbox 804 827 855 893; x_wconf 92' lang='lat' dir='ltr'>ait,</span> <span class='ocrx_word' id='word_1_44' title='bbox 877 830 948 886; x_wconf 82' lang='lat' dir='ltr'>‘aad</span> 
     </span>
     <span class='ocr_line' id='line_1_8' title="bbox 93 923 949 999; baseline 0.007 -21"><span class='ocrx_word' id='word_1_45' title='bbox 93 927 158 978; x_wconf 85' lang='lat' dir='ltr'>‘non</span> <span class='ocrx_word' id='word_1_46' title='bbox 174 923 343 993; x_wconf 76' lang='lat' dir='ltr'>permittere</span> <span class='ocrx_word' id='word_1_47' title='bbox 367 925 527 995; x_wconf 73' lang='lat' dir='ltr'><strong>percussori</strong></span> <span class='ocrx_word' id='word_1_48' title='bbox 540 925 663 999; x_wconf 77' lang='lat' dir='ltr'><strong>gloriam</strong></span> <span class='ocrx_word' id='word_1_49' title='bbox 691 924 863 982; x_wconf 70' lang='lat' dir='ltr'>ministerii!</span> <span class='ocrx_word' id='word_1_50' title='bbox 905 927 949 984; x_wconf 80' lang='lat' dir='ltr'>At</span> 
     </span>
     <span class='ocr_line' id='line_1_9' title="bbox 94 1019 948 1096; baseline 0.008 -20"><span class='ocrx_word' id='word_1_51' title='bbox 94 1019 229 1087; x_wconf 75' lang='lat' dir='ltr'>Centurio,</span> <span class='ocrx_word' id='word_1_52' title='bbox 242 1022 378 1096; x_wconf 85' lang='lat' dir='ltr'>quamvis</span> <span class='ocrx_word' id='word_1_53' title='bbox 400 1023 550 1089; x_wconf 77' lang='lat' dir='ltr'>inermem,</span> <span class='ocrx_word' id='word_1_54' title='bbox 574 1023 772 1094; x_wconf 83' lang='lat' dir='ltr'>praevalidum</span> <span class='ocrx_word' id='word_1_55' title='bbox 793 1030 891 1082; x_wconf 87' lang='lat' dir='ltr'>tamen</span> <span class='ocrx_word' id='word_1_56' title='bbox 916 1029 948 1083; x_wconf 84' lang='lat' dir='ltr'>ot</span> 
     </span>
     <span class='ocr_line' id='line_1_10' title="bbox 92 1117 947 1194; baseline 0.009 -22"><span class='ocrx_word' id='word_1_57' title='bbox 92 1117 140 1176; x_wconf 84' lang='lat' dir='ltr'>irae</span> <span class='ocrx_word' id='word_1_58' title='bbox 148 1137 231 1192; x_wconf 85' lang='lat' dir='ltr'>quam</span> <span class='ocrx_word' id='word_1_59' title='bbox 244 1121 341 1178; x_wconf 88' lang='lat' dir='ltr'>timori</span> <span class='ocrx_word' id='word_1_60' title='bbox 350 1121 522 1193; x_wconf 78' lang='lat' dir='ltr'>propiorem,</span> <span class='ocrx_word' id='word_1_61' title='bbox 534 1139 667 1185; x_wconf 80' lang='lat' dir='ltr'>cernens,</span> <span class='ocrx_word' id='word_1_62' title='bbox 679 1122 770 1194; x_wconf 87' lang='lat' dir='ltr'>premi</span> <span class='ocrx_word' id='word_1_63' title='bbox 780 1141 797 1180; x_wconf 90' lang='lat' dir='ltr'>a</span> <span class='ocrx_word' id='word_1_64' title='bbox 806 1123 947 1180; x_wconf 77' lang='lat' dir='ltr'>militibus</span> 
     </span>
     <span class='ocr_line' id='line_1_11' title="bbox 93 1215 947 1280; baseline 0.006 -7"><span class='ocrx_word' id='word_1_65' title='bbox 93 1215 169 1274; x_wconf 84' lang='lat' dir='ltr'>iubet.</span> <span class='ocrx_word' id='word_1_66' title='bbox 226 1220 292 1276; x_wconf 85' lang='lat' dir='ltr'>Nee</span> <span class='ocrx_word' id='word_1_67' title='bbox 321 1218 419 1276; x_wconf 83' lang='lat' dir='ltr'>omisit</span> <span class='ocrx_word' id='word_1_68' title='bbox 450 1221 568 1276; x_wconf 83' lang='lat' dir='ltr'>Silanus</span> <span class='ocrx_word' id='word_1_69' title='bbox 606 1221 699 1278; x_wconf 93' lang='lat' dir='ltr'>obniti</span> <span class='ocrx_word' id='word_1_70' title='bbox 738 1227 767 1278; x_wconf 90' lang='lat' dir='ltr'>et</span> <span class='ocrx_word' id='word_1_71' title='bbox 793 1223 947 1280; x_wconf 85' lang='lat' dir='ltr'>intendere</span> 
     </span>
     <span class='ocr_line' id='line_1_12' title="bbox 92 1315 947 1389; baseline 0.008 -18"><span class='ocrx_word' id='word_1_72' title='bbox 92 1315 163 1382; x_wconf 81' lang='lat' dir='ltr'>intua,</span> <span class='ocrx_word' id='word_1_73' title='bbox 184 1323 325 1389; x_wconf 83' lang='lat' dir='ltr'>quantum</span> <span class='ocrx_word' id='word_1_74' title='bbox 340 1317 473 1376; x_wconf 85' lang='lat' dir='ltr'>manibus</span> <span class='ocrx_word' id='word_1_75' title='bbox 488 1319 573 1376; x_wconf 85' lang='lat' dir='ltr'>uudis</span> <span class='ocrx_word' id='word_1_76' title='bbox 589 1321 714 1386; x_wconf 85' lang='lat' dir='ltr'>valebat,</span> <span class='ocrx_word' id='word_1_77' title='bbox 728 1321 823 1378; x_wconf 85' lang='lat' dir='ltr'>dunen</span> <span class='ocrx_word' id='word_1_78' title='bbox 838 1339 855 1378; x_wconf 89' lang='lat' dir='ltr'>a</span> <span class='ocrx_word' id='word_1_79' title='bbox 870 1322 947 1380; x_wconf 78' lang='lat' dir='ltr'>Gon-</span> 
     </span>
     <span class='ocr_line' id='line_1_13' title="bbox 91 1415 948 1492; baseline 0.008 -22"><span class='ocrx_word' id='word_1_80' title='bbox 91 1415 193 1474; x_wconf 90' lang='lat' dir='ltr'>turione</span> <span class='ocrx_word' id='word_1_81' title='bbox 209 1417 379 1474; x_wconf 88' lang='lat' dir='ltr'>vulneribus</span> <span class='ocrx_word' id='word_1_82' title='bbox 393 1417 533 1484; x_wconf 85' lang='lat' dir='ltr'>adversis,</span> <span class='ocrx_word' id='word_1_83' title='bbox 556 1423 702 1492; x_wconf 80' lang='lat' dir='ltr'>tamquam</span> <span class='ocrx_word' id='word_1_84' title='bbox 726 1419 757 1474; x_wconf 91' lang='lat' dir='ltr'>in</span> <span class='ocrx_word' id='word_1_85' title='bbox 782 1436 887 1492; x_wconf 81' lang='lat' dir='ltr'>pugna,</span> <span class='ocrx_word' id='word_1_86' title='bbox 901 1435 948 1476; x_wconf 82' lang='lat' dir='ltr'>aa·</span> 
     </span>
     <span class='ocr_line' id='line_1_14' title="bbox 90 1513 1001 1594; baseline 0.005 -24"><span class='ocrx_word' id='word_1_87' title='bbox 90 1513 171 1570; x_wconf 83' lang='lat' dir='ltr'>derat.</span> <span class='ocrx_word' id='word_1_88' title='bbox 222 1515 429 1576; x_wconf 85' lang='lat' dir='ltr'>Haudmiuus</span> <span class='ocrx_word' id='word_1_89' title='bbox 457 1523 588 1589; x_wconf 86' lang='lat' dir='ltr'>prompte</span> <span class='ocrx_word' id='word_1_90' title='bbox 613 1518 648 1574; x_wconf 83' lang='lat' dir='ltr'>L.</span> <span class='ocrx_word' id='word_1_91' title='bbox 670 1517 767 1574; x_wconf 87' lang='lat' dir='ltr'>Vetus</span> <span class='ocrx_word' id='word_1_92' title='bbox 795 1533 1001 1594; x_wconf 81' lang='lat' dir='ltr'>aoorurque10</span> 
     </span>
     <span class='ocr_line' id='line_1_15' title="bbox 89 1613 950 1681; baseline 0.006 -13"><span class='ocrx_word' id='word_1_93' title='bbox 89 1613 153 1680; x_wconf 83' lang='lat' dir='ltr'>eius,</span> <span class='ocrx_word' id='word_1_94' title='bbox 175 1614 290 1680; x_wconf 84' lang='lat' dir='ltr'>Sextia,</span> <span class='ocrx_word' id='word_1_95' title='bbox 303 1619 335 1670; x_wconf 91' lang='lat' dir='ltr'>et</span> <span class='ocrx_word' id='word_1_96' title='bbox 360 1613 486 1670; x_wconf 86' lang='lat' dir='ltr'>Pollutia</span> <span class='ocrx_word' id='word_1_97' title='bbox 500 1615 569 1681; x_wconf 85' lang='lat' dir='ltr'>tilia,</span> <span class='ocrx_word' id='word_1_98' title='bbox 584 1632 689 1672; x_wconf 79' lang='lat' dir='ltr'>nouem</span> <span class='ocrx_word' id='word_1_99' title='bbox 703 1615 836 1672; x_wconf 84' lang='lat' dir='ltr'>subiere:</span> <span class='ocrx_word' id='word_1_100' title='bbox 858 1614 950 1672; x_wconf 77' lang='lat' dir='ltr'>invisi</span> 
     </span>
     <span class='ocr_line' id='line_1_16' title="bbox 88 1711 950 1786; baseline 0.002 -18"><span class='ocrx_word' id='word_1_101' title='bbox 88 1711 226 1784; x_wconf 72' lang='lat' dir='ltr'>Priuoipi,</span> <span class='ocrx_word' id='word_1_102' title='bbox 243 1719 390 1786; x_wconf 75' lang='lat' dir='ltr'>tamquam</span> <span class='ocrx_word' id='word_1_103' title='bbox 414 1713 544 1770; x_wconf 88' lang='lat' dir='ltr'>vivendo</span> <span class='ocrx_word' id='word_1_104' title='bbox 567 1715 786 1786; x_wconf 78' lang='lat' dir='ltr'>exprobrarent,</span> <span class='ocrx_word' id='word_1_105' title='bbox 815 1712 950 1770; x_wconf 85' lang='lat' dir='ltr'>interleo·</span> 
     </span>
     <span class='ocr_line' id='line_1_17' title="bbox 90 1811 949 1886; baseline 0.003 -19"><span class='ocrx_word' id='word_1_106' title='bbox 90 1815 142 1868; x_wconf 86' lang='lat' dir='ltr'>tum</span> <span class='ocrx_word' id='word_1_107' title='bbox 156 1829 223 1867; x_wconf 78' lang='lat' dir='ltr'>esse</span> <span class='ocrx_word' id='word_1_108' title='bbox 243 1811 411 1868; x_wconf 85' lang='lat' dir='ltr'>Rubellium</span> <span class='ocrx_word' id='word_1_109' title='bbox 434 1812 577 1876; x_wconf 87' lang='lat' dir='ltr'>Plautum,</span> <span class='ocrx_word' id='word_1_110' title='bbox 600 1829 738 1886; x_wconf 81' lang='lat' dir='ltr'>generum</span> <span class='ocrx_word' id='word_1_111' title='bbox 760 1812 845 1870; x_wconf 83' lang='lat' dir='ltr'>Luoii</span> <span class='ocrx_word' id='word_1_112' title='bbox 860 1811 949 1870; x_wconf 85' lang='lat' dir='ltr'>Vete-</span> 
     </span>
     <span class='ocr_line' id='line_1_18' title="bbox 88 1908 951 1984; baseline 0.002 -18"><span class='ocrx_word' id='word_1_113' title='bbox 88 1908 130 1966; x_wconf 84' lang='lat' dir='ltr'>ris.</span> <span class='ocrx_word' id='word_1_114' title='bbox 185 1911 245 1966; x_wconf 85' lang='lat' dir='ltr'>Sed</span> <span class='ocrx_word' id='word_1_115' title='bbox 273 1909 389 1966; x_wconf 88' lang='lat' dir='ltr'>initium</span> <span class='ocrx_word' id='word_1_116' title='bbox 424 1911 605 1984; x_wconf 76' lang='lat' dir='ltr'>detegendae</span> <span class='ocrx_word' id='word_1_117' title='bbox 632 1910 774 1967; x_wconf 87' lang='lat' dir='ltr'>saevitiae</span> <span class='ocrx_word' id='word_1_118' title='bbox 808 1910 951 1984; x_wconf 88' lang='lat' dir='ltr'>praebuit,</span> 
     </span>
     <span class='ocr_line' id='line_1_19' title="bbox 87 2008 949 2082; baseline 0.002 -18"><span class='ocrx_word' id='word_1_119' title='bbox 87 2008 254 2067; x_wconf 75' lang='lat' dir='ltr'>interversis</span> <span class='ocrx_word' id='word_1_120' title='bbox 267 2008 382 2079; x_wconf 89' lang='lat' dir='ltr'>patroni</span> <span class='ocrx_word' id='word_1_121' title='bbox 404 2010 497 2073; x_wconf 87' lang='lat' dir='ltr'>rebus,</span> <span class='ocrx_word' id='word_1_122' title='bbox 521 2009 558 2064; x_wconf 90' lang='lat' dir='ltr'>ad</span> <span class='ocrx_word' id='word_1_123' title='bbox 590 2009 786 2066; x_wconf 84' lang='lat' dir='ltr'>adousaudum</span> <span class='ocrx_word' id='word_1_124' title='bbox 809 2016 949 2082; x_wconf 82' lang='lat' dir='ltr'>transgre-</span> 
     </span>
     <span class='ocr_line' id='line_1_20' title="bbox 87 2105 950 2175; baseline -0.002 -9"><span class='ocrx_word' id='word_1_125' title='bbox 87 2107 165 2166; x_wconf 83' lang='lat' dir='ltr'>diens</span> <span class='ocrx_word' id='word_1_126' title='bbox 180 2107 359 2164; x_wconf 75' lang='lat' dir='ltr'>Fortunatus</span> <span class='ocrx_word' id='word_1_127' title='bbox 373 2105 501 2172; x_wconf 85' lang='lat' dir='ltr'>libertus,</span> <span class='ocrx_word' id='word_1_128' title='bbox 521 2106 634 2164; x_wconf 74' lang='lat' dir='ltr'>adscito</span> <span class='ocrx_word' id='word_1_129' title='bbox 655 2107 779 2164; x_wconf 79' lang='lat' dir='ltr'>Claudio</span> <span class='ocrx_word' id='word_1_130' title='bbox 795 2107 950 2175; x_wconf 87' lang='lat' dir='ltr'>Demiauo,</span> 
     </span>
     <span class='ocr_line' id='line_1_21' title="bbox 87 2203 953 2280; baseline -0.003 -17"><span class='ocrx_word' id='word_1_131' title='bbox 87 2224 178 2280; x_wconf 81' lang='lat' dir='ltr'>quern,</span> <span class='ocrx_word' id='word_1_132' title='bbox 187 2207 227 2262; x_wconf 91' lang='lat' dir='ltr'>ob</span> <span class='ocrx_word' id='word_1_133' title='bbox 241 2203 350 2278; x_wconf 78' lang='lat' dir='ltr'>flagitia</span> <span class='ocrx_word' id='word_1_134' title='bbox 364 2205 495 2262; x_wconf 87' lang='lat' dir='ltr'>vinctum</span> <span class='ocrx_word' id='word_1_135' title='bbox 507 2222 524 2260; x_wconf 86' lang='lat' dir='ltr'>a</span> <span class='ocrx_word' id='word_1_136' title='bbox 538 2206 657 2268; x_wconf 84' lang='lat' dir='ltr'>Vetere,</span> <span class='ocrx_word' id='word_1_137' title='bbox 665 2205 755 2262; x_wconf 74' lang='lat' dir='ltr'>Asiae</span> <span class='ocrx_word' id='word_1_138' title='bbox 766 2204 953 2270; x_wconf 82' lang='lat' dir='ltr'>Proconsule,</span> 
     </span>
     <span class='ocr_line' id='line_1_22' title="bbox 88 2301 952 2376; baseline -0.002 -16"><span class='ocrx_word' id='word_1_139' title='bbox 88 2305 215 2362; x_wconf 76' lang='lat' dir='ltr'>exsolvit</span> <span class='ocrx_word' id='word_1_140' title='bbox 241 2305 332 2369; x_wconf 80' lang='lat' dir='ltr'>Nero,</span> <span class='ocrx_word' id='word_1_141' title='bbox 362 2303 392 2360; x_wconf 90' lang='lat' dir='ltr'>iu</span> <span class='ocrx_word' id='word_1_142' title='bbox 421 2303 579 2376; x_wconf 84' lang='lat' dir='ltr'>praemium</span> <span class='ocrx_word' id='word_1_143' title='bbox 606 2301 810 2360; x_wconf 85' lang='lat' dir='ltr'>adousatiouis.</span> <span class='ocrx_word' id='word_1_144' title='bbox 866 2301 952 2372; x_wconf 81' lang='lat' dir='ltr'>Quod</span> 
     </span>
     <span class='ocr_line' id='line_1_23' title="bbox 87 2399 952 2479; baseline -0.009 -18"><span class='ocrx_word' id='word_1_145' title='bbox 87 2406 133 2462; x_wconf 90' lang='lat' dir='ltr'>nbi</span> <span class='ocrx_word' id='word_1_146' title='bbox 146 2403 299 2479; x_wconf 77' lang='lat' dir='ltr'>cognitum</span> <span class='ocrx_word' id='word_1_147' title='bbox 313 2421 374 2468; x_wconf 85' lang='lat' dir='ltr'>reo,</span> <span class='ocrx_word' id='word_1_148' title='bbox 387 2419 475 2476; x_wconf 81' lang='lat' dir='ltr'>seque</span> <span class='ocrx_word' id='word_1_149' title='bbox 493 2409 523 2460; x_wconf 89' lang='lat' dir='ltr'>et</span> <span class='ocrx_word' id='word_1_150' title='bbox 545 2403 679 2460; x_wconf 90' lang='lat' dir='ltr'>libertum</span> <span class='ocrx_word' id='word_1_151' title='bbox 693 2399 755 2473; x_wconf 90' lang='lat' dir='ltr'>pari</span> <span class='ocrx_word' id='word_1_152' title='bbox 778 2403 854 2456; x_wconf 88' lang='lat' dir='ltr'>sorte</span> <span class='ocrx_word' id='word_1_153' title='bbox 875 2415 952 2460; x_wconf 87' lang='lat' dir='ltr'>oum·</span> 
     </span>
     <span class='ocr_line' id='line_1_24' title="bbox 86 2496 952 2577; baseline -0.008 -16"><span class='ocrx_word' id='word_1_154' title='bbox 86 2505 165 2577; x_wconf 84' lang='lat' dir='ltr'>paui,</span> <span class='ocrx_word' id='word_1_155' title='bbox 180 2502 355 2561; x_wconf 74' lang='lat' dir='ltr'>Formianos</span> <span class='ocrx_word' id='word_1_156' title='bbox 368 2503 402 2558; x_wconf 88' lang='lat' dir='ltr'>iu</span> <span class='ocrx_word' id='word_1_157' title='bbox 415 2519 498 2576; x_wconf 83' lang='lat' dir='ltr'>agros</span> <span class='ocrx_word' id='word_1_158' title='bbox 521 2499 687 2574; x_wconf 83' lang='lat' dir='ltr'>digreditur.</span> <span class='ocrx_word' id='word_1_159' title='bbox 731 2498 797 2554; x_wconf 87' lang='lat' dir='ltr'>lllio</span> <span class='ocrx_word' id='word_1_160' title='bbox 821 2513 887 2553; x_wconf 90' lang='lat' dir='ltr'>eum</span> <span class='ocrx_word' id='word_1_161' title='bbox 902 2496 952 2554; x_wconf 88' lang='lat' dir='ltr'>mi·</span> 
     </span>
     <span class='ocr_line' id='line_1_25' title="bbox 85 2597 953 2663; baseline -0.005 -5"><span class='ocrx_word' id='word_1_162' title='bbox 85 2602 150 2660; x_wconf 84' lang='lat' dir='ltr'>lites</span> <span class='ocrx_word' id='word_1_163' title='bbox 170 2604 292 2660; x_wconf 85' lang='lat' dir='ltr'>oourtlta</span> <span class='ocrx_word' id='word_1_164' title='bbox 310 2601 443 2658; x_wconf 82' lang='lat' dir='ltr'>custodia</span> <span class='ocrx_word' id='word_1_165' title='bbox 457 2601 647 2658; x_wconf 88' lang='lat' dir='ltr'>oiruumdant.</span> <span class='ocrx_word' id='word_1_166' title='bbox 691 2597 803 2656; x_wconf 86' lang='lat' dir='ltr'>Aderat</span> <span class='ocrx_word' id='word_1_167' title='bbox 823 2597 894 2663; x_wconf 91' lang='lat' dir='ltr'>lilia,</span> <span class='ocrx_word' id='word_1_168' title='bbox 908 2613 953 2654; x_wconf 85' lang='lat' dir='ltr'>su·</span> 
     </span>
     <span class='ocr_line' id='line_1_26' title="bbox 85 2700 954 2775; baseline -0.008 -16"><span class='ocrx_word' id='word_1_169' title='bbox 85 2719 135 2774; x_wconf 90' lang='lat' dir='ltr'>per</span> <span class='ocrx_word' id='word_1_170' title='bbox 154 2701 295 2775; x_wconf 82' lang='lat' dir='ltr'>ingruens</span> <span class='ocrx_word' id='word_1_171' title='bbox 317 2701 486 2774; x_wconf 84' lang='lat' dir='ltr'>periculum,</span> <span class='ocrx_word' id='word_1_172' title='bbox 507 2701 595 2772; x_wconf 82' lang='lat' dir='ltr'>longo</span> <span class='ocrx_word' id='word_1_173' title='bbox 608 2700 708 2754; x_wconf 88' lang='lat' dir='ltr'>dolore</span> <span class='ocrx_word' id='word_1_174' title='bbox 725 2701 822 2763; x_wconf 81' lang='lat' dir='ltr'>atrox,</span> <span class='ocrx_word' id='word_1_175' title='bbox 838 2714 875 2754; x_wconf 83' lang='lat' dir='ltr'>ex</span> <span class='ocrx_word' id='word_1_176' title='bbox 896 2713 954 2771; x_wconf 91' lang='lat' dir='ltr'>quo</span> 
     </span>
     <span class='ocr_line' id='line_1_27' title="bbox 85 2797 953 2878; baseline -0.007 -21"><span class='ocrx_word' id='word_1_177' title='bbox 85 2817 271 2872; x_wconf 80' lang='lat' dir='ltr'>persuasores</span> <span class='ocrx_word' id='word_1_178' title='bbox 292 2798 399 2865; x_wconf 89' lang='lat' dir='ltr'>Plauti,</span> <span class='ocrx_word' id='word_1_179' title='bbox 430 2797 526 2855; x_wconf 83' lang='lat' dir='ltr'>mariti</span> <span class='ocrx_word' id='word_1_180' title='bbox 554 2797 759 2864; x_wconf 64' lang='lat' dir='ltr'>subsiderat:</span> <span class='ocrx_word' id='word_1_181' title='bbox 792 2801 953 2878; x_wconf 72' lang='lat' dir='ltr'>omentum·</span> 
     </span>
     <span class='ocr_line' id='line_1_28' title="bbox 85 2895 954 2974; baseline -0.003 -19"><span class='ocrx_word' id='word_1_182' title='bbox 85 2917 138 2974; x_wconf 85' lang='lat' dir='ltr'>qne</span> <span class='ocrx_word' id='word_1_183' title='bbox 159 2899 313 2956; x_wconf 83' lang='lat' dir='ltr'>cervicem</span> <span class='ocrx_word' id='word_1_184' title='bbox 333 2898 395 2954; x_wconf 86' lang='lat' dir='ltr'>eius</span> <span class='ocrx_word' id='word_1_185' title='bbox 416 2899 560 2970; x_wconf 81' lang='lat' dir='ltr'>amplexa,</span> <span class='ocrx_word' id='word_1_186' title='bbox 581 2897 716 2952; x_wconf 86' lang='lat' dir='ltr'>servabat</span> <span class='ocrx_word' id='word_1_187' title='bbox 736 2895 908 2969; x_wconf 77' lang='lat' dir='ltr'>sauguinem</span> <span class='ocrx_word' id='word_1_188' title='bbox 923 2899 954 2952; x_wconf 84' lang='lat' dir='ltr'>el</span> 
     </span>
     <span class='ocr_line' id='line_1_29' title="bbox 86 2994 953 3070; baseline -0.006 -17"><span class='ocrx_word' id='word_1_189' title='bbox 86 3005 186 3056; x_wconf 80' lang='lat' dir='ltr'>vestes</span> <span class='ocrx_word' id='word_1_190' title='bbox 220 3013 385 3070; x_wconf 57' lang='lat' dir='ltr'>respersam</span> <span class='ocrx_word' id='word_1_191' title='bbox 419 2997 515 3062; x_wconf 87' lang='lat' dir='ltr'>vidua,</span> <span class='ocrx_word' id='word_1_192' title='bbox 536 2994 657 3066; x_wconf 79' lang='lat' dir='ltr'>inplere</span> <span class='ocrx_word' id='word_1_193' title='bbox 690 2996 769 3050; x_wconf 85' lang='lat' dir='ltr'>luctu</span> <span class='ocrx_word' id='word_1_194' title='bbox 803 2994 953 3060; x_wconf 79' lang='lat' dir='ltr'>contiuuo,</span> 
     </span>
     <span class='ocr_line' id='line_1_30' title="bbox 86 3092 954 3167; baseline -0.005 -15"><span class='ocrx_word' id='word_1_195' title='bbox 86 3113 141 3154; x_wconf 85' lang='lat' dir='ltr'>neo</span> <span class='ocrx_word' id='word_1_196' title='bbox 151 3096 222 3154; x_wconf 88' lang='lat' dir='ltr'>ullis</span> <span class='ocrx_word' id='word_1_197' title='bbox 236 3095 394 3161; x_wconf 85' lang='lat' dir='ltr'>alimentis,</span> <span class='ocrx_word' id='word_1_198' title='bbox 405 3096 462 3152; x_wconf 89' lang='lat' dir='ltr'>nisi</span> <span class='ocrx_word' id='word_1_199' title='bbox 476 3111 549 3167; x_wconf 83' lang='lat' dir='ltr'>quae</span> <span class='ocrx_word' id='word_1_200' title='bbox 564 3099 685 3150; x_wconf 87' lang='lat' dir='ltr'>mortem</span> <span class='ocrx_word' id='word_1_201' title='bbox 699 3098 840 3150; x_wconf 81' lang='lat' dir='ltr'>arcerent.</span> <span class='ocrx_word' id='word_1_202' title='bbox 864 3092 954 3158; x_wconf 77' lang='lat' dir='ltr'>Tum,</span> 
     </span>
     <span class='ocr_line' id='line_1_31' title="bbox 86 3189 955 3268; baseline -0.009 -16"><span class='ocrx_word' id='word_1_203' title='bbox 86 3195 224 3252; x_wconf 88' lang='lat' dir='ltr'>bortante</span> <span class='ocrx_word' id='word_1_204' title='bbox 254 3201 343 3268; x_wconf 83' lang='lat' dir='ltr'>patre,</span> <span class='ocrx_word' id='word_1_205' title='bbox 376 3194 522 3264; x_wconf 89' lang='lat' dir='ltr'>Neapolin</span> <span class='ocrx_word' id='word_1_206' title='bbox 553 3192 656 3266; x_wconf 81' lang='lat' dir='ltr'>pergit.</span> <span class='ocrx_word' id='word_1_207' title='bbox 696 3192 745 3256; x_wconf 88' lang='lat' dir='ltr'>Et,</span> <span class='ocrx_word' id='word_1_208' title='bbox 775 3190 843 3263; x_wconf 84' lang='lat' dir='ltr'>quia</span> <span class='ocrx_word' id='word_1_209' title='bbox 874 3189 955 3250; x_wconf 88' lang='lat' dir='ltr'>aditu</span> 
     </span>
     <span class='ocr_line' id='line_1_32' title="bbox 88 3285 956 3366; baseline -0.01 -16"><span class='ocrx_word' id='word_1_210' title='bbox 88 3293 217 3351; x_wconf 88' lang='lat' dir='ltr'>Neronis</span> <span class='ocrx_word' id='word_1_211' title='bbox 253 3285 473 3365; x_wconf 77' lang='lat' dir='ltr'>prohibebatur,</span> <span class='ocrx_word' id='word_1_212' title='bbox 498 3310 627 3366; x_wconf 87' lang='lat' dir='ltr'>egressus</span> <span class='ocrx_word' id='word_1_213' title='bbox 658 3289 804 3354; x_wconf 87' lang='lat' dir='ltr'>obsidens,</span> <span class='ocrx_word' id='word_1_214' title='bbox 824 3287 956 3342; x_wconf 86' lang='lat' dir='ltr'>‘audiret</span> 
     </span>
     <span class='ocr_line' id='line_1_33' title="bbox 91 3385 954 3464; baseline -0.01 -13"><span class='ocrx_word' id='word_1_215' title='bbox 91 3391 264 3462; x_wconf 74' lang='lat' dir='ltr'>‘insontem</span> <span class='ocrx_word' id='word_1_216' title='bbox 284 3410 361 3451; x_wconf 85' lang='lat' dir='ltr'>neve</span> <span class='ocrx_word' id='word_1_217' title='bbox 383 3393 557 3452; x_wconf 73' lang='lat' dir='ltr'>consulatus</span> <span class='ocrx_word' id='word_1_218' title='bbox 575 3390 620 3449; x_wconf 86' lang='lat' dir='ltr'>aui</span> <span class='ocrx_word' id='word_1_219' title='bbox 638 3388 785 3464; x_wconf 83' lang='lat' dir='ltr'>quondam</span> <span class='ocrx_word' id='word_1_220' title='bbox 803 3385 954 3458; x_wconf 77' lang='lat' dir='ltr'>contegam</span> 
     </span>
    </p>
   </div>
   <div class='ocr_carea' id='block_1_3' title="bbox 0 0 1054 3816">
    <p class='ocr_par' dir='ltr' id='par_1_3' title="bbox 0 0 1054 3816">
     <span class='ocr_line' id='line_1_34' title="bbox 0 0 1054 3816; baseline 0 1"><span class='ocrx_word' id='word_1_221' title='bbox 0 0 1054 3816; x_wconf 95' lang='lat' dir='ltr'> </span> 
     </span>
    </p>
   </div>
  </div>
 </body>
</html>
