2158 3820
114 139 163 208 74
434 155 620 216 suufflvu
837 161 869 208 a.
886 161 920 210 v.
938 164 995 214 ara.

114 311 196 370 ‘rina
222 306 424 382 depressuros:
456 310 658 382 promiserant,
695 311 844 384 squalenti
879 313 995 384 littore,
1054 361 1055 436 1

112 415 162 470 aut
176 427 226 482 per
239 415 352 466 montes
366 410 511 467 adversos.
525 426 619 484 neque
640 408 720 466 eninr
734 409 814 478 aliud
829 411 991 474 humidum
1054 441 1055 480 t

112 508 267 585 gignendis
289 507 370 583 aquis
384 506 519 576 occurrit,
538 524 626 582 quam
646 507 822 581 Pomptinae
847 513 991 582 paludes:
1054 509 1055 588 l

112 613 213 668 cetera
236 607 367 680 abrupta,
396 610 445 664 aut
474 606 608 666 arentin:
629 624 677 673 ac,
700 608 727 664 si
752 609 902 682 perrumpi
926 628 992 683 pos·
1054 607 1055 696 i

115 715 191 773 sent,
215 705 416 764 intolerandus
443 707 535 772 labor,
562 722 618 764 nec
640 706 713 764 satis
727 723 861 764 caussae.
906 709 991 768 Nero

114 810 224 873 tamen,
244 811 275 862 nt
289 809 352 862 erat
371 803 588 862 incredibilium
603 805 728 878 cupitor,
748 805 876 864 effodere
899 825 988 880 prox·
1054 821 1055 850 ³

115 906 174 964 ime
200 907 320 964 Averno
342 902 410 976 iuga
421 903 568 979 connixus
593 908 658 963 est:
681 909 859 978 manentque
896 905 987 963 vesti·
1054 911 1055 974 ζ

62 997 106 1057 43
116 1004 165 1080 gia
177 1003 282 1062 inritae
309 1001 382 1075 spei.
436 1002 584 1066 Ceterum,
604 1001 681 1058 urbis
714 1019 791 1075 quae
818 1003 919 1060 domui
939 1021 985 1062 su·

117 1106 260 1178 pararant,
281 1117 339 1157 non
361 1105 393 1157 nt
413 1104 477 1173 post
508 1099 627 1156 Gallica
647 1099 795 1168 incendia,
826 1103 907 1160 nulla
928 1101 997 1160 diss
1054 1163 1055 1174 χ

113 1201 266 1267 tinctione,
286 1215 342 1256 nec
373 1197 479 1270 passim
494 1203 601 1264 crecta,
622 1199 673 1256 sed
687 1199 829 1256 dimensis
851 1200 987 1260 vicorum

116 1297 265 1358 ordinibus
284 1302 314 1356 ct
334 1297 402 1354 latis
424 1295 535 1358 viarum
555 1297 668 1368 spatiis,
695 1297 887 1372 cohibitaque
908 1299 988 1358 aedi·
1054 1361 1055 1372 χ

116 1398 249 1459 liciorum
262 1395 425 1463 altitudine,
440 1411 476 1452 ac
486 1395 638 1465 patefactis
652 1396 736 1463 areis,
746 1396 909 1473 additisque
924 1416 988 1471 por·
1054 1375 1055 1434 3

115 1491 231 1559 tinibus,
250 1509 324 1568 quac
354 1491 479 1550 lrontern
497 1488 653 1548 insularum
672 1498 866 1566 protegerent.
908 1495 986 1552 ‘Eas

116 1589 285 1668 ‘porticus’
316 1590 406 1656 Nero,
436 1594 506 1646 ‘sua
528 1589 651 1662 pecunia
678 1596 903 1658 exstructurum,
924 1611 987 1666 pur·
1054 1589 1055 1666 Ϊ

116 1696 273 1766 ‘galeaque
300 1705 382 1746 arcas
405 1687 531 1746 dominis
555 1686 744 1754 traditurum?
769 1689 918 1762 pollicitus
932 1696 985 1749 est.

118 1791 242 1852 Addidit
262 1792 396 1865 praemia,
411 1807 462 1863 pro
481 1789 619 1865 cuiusque
632 1791 734 1850 ordine
748 1800 779 1850 ct
799 1793 842 1850 rei
862 1794 987 1854 familia·
1054 1833 1055 1854 t

84 1909 87 1918 ·
116 1892 157 1950 ris
186 1889 295 1963 copiis:
315 1887 468 1963 linivitque
501 1894 622 1962 tempus,
659 1891 738 1948 intra
763 1892 841 1965 quod
871 1893 987 1952 effectis
1054 1917 1055 1954 t

34 2029 36 2033 -
115 1991 248 2050 domibus
268 1992 318 2046 aut
349 1987 451 2046 insulis
471 1987 710 2061 adipiscerentur.
751 1989 884 2050 ‘Ruderi
906 1993 986 2052 acci·
1054 2031 1055 2054 t

116 2088 248 2163 ‘pieudo
279 2085 430 2145 Ostienses
473 2086 602 2159 paludes'
634 2088 810 2155 destinabat,
852 2092 988 2166 ‘ntique
1054 2103 1055 2172 ξ

117 2194 240 2256 ‘naves
277 2205 350 2262 quae
393 2185 568 2244 trumentum
607 2186 712 2244 Tiberi
745 2189 986 2258 subvectassent,
1054 2185 1055 2252 Ῐ

118 2293 263 2346 ‘onustae
293 2286 395 2344 rudere
421 2284 637 2342 decurrerent:
678 2285 868 2361 aedificiaque
915 2289 990 2362 ipsa,
1054 2279 1055 2302 ³

119 2393 223 2446 ‘certa
252 2385 297 2444 sui
337 2389 429 2458 parte,
463 2381 527 2438 sine
578 2383 715 2452 trabibus,
754 2402 828 2442 saxo
868 2387 990 2446 Gabino

119 2489 298 2546 ‘Albanove
324 2484 515 2543 solidarentur
524 2481 543 2538 ι’
584 2484 659 2557 quod
692 2483 718 2540 is
752 2483 826 2558 lapis
867 2485 988 2560 ignibus

119 2585 268 2660 inpervius
298 2588 351 2640 est.
406 2583 492 2640 ‘lam
525 2599 607 2657 aqua,
641 2575 819 2656 privatorum
860 2585 988 2645 licentia
1054 2585 1055 2632 l

119 2684 311 2754 ‘intercepta
352 2699 409 2755 qno
449 2680 555 2756 largior
601 2686 633 2739 et
672 2682 800 2755 pluribus
841 2684 916 2741 locis
957 2685 989 2744 in
1017 2665 1019 2669 ,

118 2783 289 2860 ‘publicum
311 2777 422 2848 flueret,
448 2781 594 2850 custodes,
623 2786 654 2838 et
673 2781 802 2838 subsidia
830 2784 990 2856 reprimen-

148 2957 262 3020 Spuulsnti
273 2955 346 3015 litore]
379 2954 404 3001 ld
414 2957 449 3000 est
465 2952 537 3010 arido,
555 2955 602 3002 sine
619 2955 742 3012 arboribus,
760 2959 801 3002 aut
814 2955 939 3016 frondibus,
949 2965 991 3007 aut

119 3019 202 3075 barbis,
212 3025 235 3063 et
246 3016 326 3063 nedum
337 3029 402 3076 equa,
413 3013 472 3062 omui
482 3027 570 3074 prorsus
580 3029 657 3061 carens
666 3015 806 3065 humiditate.
1054 3029 1055 3044 .

149 3101 249 3150 Cobiditu
266 3097 419 3156 aedificiorum
435 3095 563 3157 altitudine]
595 3097 661 3148 Quod
679 3097 724 3142 iarn
740 3102 792 3143 ante
802 3097 917 3154 Augrrstus
931 3101 990 3146 lece·

120 3169 164 3216 snt,
174 3161 253 3208 eadem
263 3158 311 3204 fini:
328 3157 403 3212 idest,
417 3157 445 3202 ad
456 3155 559 3202 incendia
575 3157 671 3202 armnda
684 3161 708 3201 et
721 3155 815 3204 maxime
829 3154 911 3203 ruinas.
945 3159 990 3206 Sed

120 3228 146 3272 et
163 3227 215 3270 ante
230 3221 353 3277 Augustum
371 3213 470 3262 Rutilius
485 3213 608 3260 orationem
625 3215 720 3271 duerst,
742 3215 777 3262 De
794 3215 861 3262 modo
877 3216 990 3263 aedificio·

121 3297 177 3330 rum.
210 3280 241 3326 Et
260 3282 370 3334 auguratus
389 3272 478 3334 quidem
496 3272 564 3331 pedes
582 3276 618 3320 7⁰.
640 3275 722 3321 tollere.
740 3273 857 3334 permisit;
877 3275 990 3324 Traianus

120 3343 237 3390 dumtaxat
246 3340 281 3384 sc.
293 3340 317 3382 ut
333 3339 397 3403 notat
414 3333 465 3380 Sex.
483 3331 588 3379 Aurelius
602 3331 657 3394 epit,
678 3336 711 3380 13.
727 3331 765 3394 qui
774 3332 853 3380 modus
861 3333 958 3384 tortasse
967 3339 991 3381 et

123 3399 263 3448 Neronianus
271 3393 320 3441 tuit.
350 3391 414 3450 msa.
