2100 3834
111 266 229 316 acuo.
347 269 489 317 urn.1u.
540 271 618 316 car.
636 249 804 316 20.-22.
902 243 975 312 277
1038 189 1039 258 l

101 421 240 488 ‘securae
256 422 452 496 dolabrasque
467 427 496 480 et
515 429 613 480 cetera
633 419 835 496 expugnandis
850 417 976 492 urbibus,

100 521 219 576 ‘secum
234 520 447 579 adtulissent?
468 523 619 595 rogitabat.
661 521 710 586 Et,
724 537 791 577 cum
806 521 976 578 abnuerent·

99 619 277 690 ‘gladiisne‚’
293 621 401 695 inquit,
430 627 482 678 ‘et
497 622 563 694 pilis
580 621 756 694 perfringere
778 635 813 674 ac
839 619 976 673 subruere

94 721 205 773 ‘muros
221 721 305 775 ullae
332 737 434 776 manus
455 717 598 792 possunt?
633 718 666 776 Si
692 733 828 790 aggerem
854 721 975 775 struere,

93 815 134 871 ‘si
146 817 252 888 pluteis
268 819 439 898 cratibusve
451 817 562 891 protegi
575 833 696 874 necesse
714 815 810 880 luerit,
825 819 856 870 ut
871 813 975 886 vulgus

93 913 314 987 ‘inprovidum
338 916 420 974 inriti
446 916 596 981 stabimus,
630 913 816 971 altitudinem
845 913 975 976 turrium,

93 1015 140 1069 ‘et
153 1014 256 1071 aliena
284 1015 466 1072 munimenta
490 1009 651 1070 mirantes?
672 1011 752 1084 Quin
776 1011 871 1084 potius
895 1026 974 1066 mora

93 1113 206 1169 ‘noctis
222 1114 324 1179 unius,
338 1094 474 1170 advectis¹
496 1112 651 1168 tormentis
676 1101 885 1184 machinisque,
912 1107 974 1164 uim

94 1209 502 1296 ‘victoriamquenobiscum
531 1207 680 1288 lerimusl'
715 1209 806 1266 Simul
828 1209 903 1266 lixas
925 1225 973 1264 ca·

91 1308 246 1384 lenesque,
282 1328 351 1368 cum
384 1309 596 1366 recentissimis
630 1307 768 1382 equiturn,
795 1307 971 1364 Bedriacum

93 1405 190 1474 mittit,
223 1409 338 1481 copias,
369 1415 524 1483 ceteraque
553 1407 615 1464 usui
644 1409 798 1463 adlaturos.
840 1407 874 1462 ld
901 1402 1021 1463 rerossl

95 1520 178 1578 aegre
212 1511 361 1564 tolerante
390 1507 493 1574 milite,
521 1523 609 1580 prope
636 1505 811 1562 seditionem
841 1509 971 1571 ventum,

94 1615 158 1660 cum
187 1605 337 1680 progressi
365 1607 476 1681 equites
497 1607 550 1662 sub
573 1609 636 1678 ipsa
664 1603 791 1668 moenia,
817 1619 906 1675 vagos
930 1619 970 1658 ex

95 1701 344 1784 Cremonensibus
364 1703 540 1778 conripiuut.
555 1720 674 1779 quorum
695 1700 807 1758 indicio
821 1701 969 1757 noscitur:

92 1805 163 1859 ‘sex
179 1803 363 1862 Vitellianas
384 1805 514 1878 legiones
528 1817 702 1876 omnemque
727 1799 899 1866 exercitum,
919 1799 969 1876 qui

94 1899 263 1960 ‘Hostiliae
277 1909 384 1977 egerat,
398 1921 434 1959 eo
453 1903 516 1976 ipso
526 1902 574 1958 die
588 1901 707 1974 triginta
731 1899 822 1956 millia
834 1917 968 1973 passuum

94 2005 277 2070 ‘emensum
290 2008 438 2073 comporta
463 2018 578 2058 suornm
602 2001 695 2069 clade,
710 1999 740 2057 in
765 1999 904 2073 proelium
919 2017 967 2057 ao·

97 2099 196 2175 ‘cingi
212 2101 315 2158 nciam
326 2097 442 2157 adfore?
462 2101 491 2157 la
506 2107 595 2157 terror
605 2101 764 2157 obstructas
777 2108 888 2158 urentes
898 2117 967 2156 con·

96 2195 169 2256 siliis
191 2199 288 2256 Ducis
303 2199 422 2272 aperuit.
465 2199 575 2257 Sistere
590 2199 704 2256 tertiam
718 2199 863 2256 decimam
879 2197 968 2270 legio·

99 2311 175 2364 nem,
189 2300 221 2356 in
236 2298 300 2371 ipso
315 2299 381 2354 viae
397 2298 564 2355 Postumiae
572 2316 687 2374 aggere,
701 2299 790 2363 iubet,
804 2297 853 2353 cui
866 2295 968 2353 iuncta

98 2410 114 2449 a
135 2379 362 2470 laevo'septima
377 2397 533 2465 Galbiana,
547 2397 659 2470 patenti
673 2413 778 2469 campo
793 2395 884 2460 stetit,
897 2393 967 2451 dein

99 2497 223 2567 septima
255 2495 427 2562 Claudiana,
447 2495 659 2570 agresti-losse
689 2493 747 2570 (ita
778 2497 858 2552 locus
891 2499 967 2570 erat)

98 2595 298 2664 praemunita;
332 2595 446 2662 dextro,
473 2601 580 2650 octava
601 2611 653 2665 per
675 2600 805 2666 apertum
835 2593 969 2660 limitem,

99 2707 166 2750 mox
181 2693 277 2760 tertia,
290 2695 388 2750 densis
402 2692 525 2750 arbustis
548 2691 716 2766 intersepta.
738 2693 787 2750 bic
806 2693 966 2768 aquilarum

98 2789 302 2865 signorumque
329 2793 414 2847 ordo:
437 2791 544 2848 milites
573 2791 660 2849 mixti
687 2809 738 2865 per
764 2796 907 2862 tenebras,
935 2800 967 2850 ut

97 2885 153 2948 lors
178 2893 301 2947 tulerat:
323 2889 540 2946 Praetorianunr
566 2891 707 2948 vexillum
728 2892 889 2964 proximum
914 2899 968 2950 ter·

99 2989 205 3060 tianis;
226 2991 360 3046 cobortes
387 2989 561 3048 auxiliorum
585 2989 615 3046 in
640 2989 789 3060 cornibus3
814 2993 904 3050 latera
931 3009 967 3049 ac

99 3096 178 3162 terga
202 3089 300 3162 equite
325 3087 520 3144 circumdata:
543 3087 615 3144 Sido
635 3093 719 3162 atque
743 3091 872 3158 ltallcus,
897 3092 967 3147 Sue·

11 3211 12 3216 ¹
99 3185 137 3256 vi,
161 3203 229 3244 cum
256 3187 379 3244 delectis
404 3185 593 3259 popularium,
619 3187 737 3260 primori
763 3187 797 3256 iu¹
818 3189 882 3245 acie
905 3207 968 3244 ver·

98 3287 240 3348 nubantur.
284 3288 325 3344 At
346 3285 526 3342 Vitellianus
550 3286 707 3352 exercitus,
719 3285 766 3358 qui
780 3287 966 3358 adquiescere
978 3294 1020 3350 22

102 3383 276 3450 Cremonae,
302 3390 342 3449 et,
376 3383 545 3456 reciperatis
566 3384 634 3440 cibo
661 3397 819 3452 somnoque
846 3382 966 3442 viribus,

99 3482 264 3538 conlectum
285 3483 384 3555 algore
408 3485 494 3555 atque
517 3479 616 3535 inedia
637 3478 762 3539 bostem,
781 3478 894 3543 postera
919 3479 967 3530 die

139 3596 207 3636 ron.
228 3596 263 3634 rr.
542 3568 610 3630 24*
