2114 3830
112 139 185 212 392
399 161 653 213 ursaonmnru
699 191 703 198 -
836 169 867 216 a.
883 167 914 216 v.
929 169 980 221 aar.

15 307 16 346 ³
111 315 299 391 Vespasiano
312 317 419 390 cupido
443 319 571 376 adeundi
584 336 694 378 sacram
719 320 829 391 aedem,
845 327 879 379 ut
897 339 981 393 aupcr

112 417 197 474 rebue
212 417 330 488 imperii
357 419 531 474 consuleret.
572 421 701 476 ‘'Aroeri
718 423 830 491 tempto
848 417 979 478 nunctoa⁹

109 513 197 573 babet.
218 521 304 590 atque
315 515 457 590 ingressae
478 517 663 590 intentusque
692 519 826 584 Numici,
850 519 979 591 respexit

110 631 187 688 ponc
201 620 311 690 tergum
326 607 522 688 eprimoritrue
540 619 750 690 Aegyptiorum
767 618 886 675 nomine
900 627 908 650 ⁴
922 619 979 674 Ba·

110 715 263 786 'ailiden3’
283 733 367 790 quem
393 719 489 789 procul
513 717 694 773 Alexandria
716 718 841 787 plurium
866 717 977 773 dierum

111 815 227 885 itinere,
245 821 276 872 et
304 831 391 888 aegro
418 831 538 886 corpore
553 815 680 871 detineri
708 815 786 871 baud
814 803 974 888 ignorabat.

111 914 322 972 Percunntatur
351 914 532 976 Sacerdotes,
561 920 650 970 ‘num
674 913 726 969 illo
752 915 801 970 die
827 915 971 970 Basilides

110 1015 267 1084 ‘templum
293 1009 427 1070 inirectl’
449 1019 654 1085 percunctatur
684 1013 798 1078 obvios,
831 1017 916 1070 ‘mim
944 1013 973 1069 in

109 1113 200 1166 ‘urhe
214 1110 294 1167 viane
308 1108 374 1168 eiti'
394 1113 529 1184 denique,
545 1111 640 1166 mieeie
656 1111 812 1184 equitibus,
833 1114 973 1184 explorat.

108 1207 161 1264 ilio
185 1210 321 1282 temporie
342 1216 490 1268 momento
507 1210 656 1283 octoginta
684 1209 812 1266 millibus
841 1225 970 1283 proauum

109 1306 241 1364 abtuirac.
284 1308 373 1366 Tunc
388 1308 530 1366 Divinam
551 1309 680 1380 speeiem
707 1313 738 1364 'et
765 1308 828 1365 vim
845 1307 970 1382 responsi

56 1403 148 1463 83ex
162 1407 280 1464 nomina
307 1404 447 1464 Basilidis
472 1407 675 1480 interpretetur
701 1411 756 1463 eet.
799 1407 891 1480 Origo
916 1405 972 1464 Dei

109 1508 237 1564 nondum
252 1505 357 1563 noatria
380 1506 546 1562 auctoribus
569 1507 735 1572 celebrata3
758 1504 970 1578 Aegyptiorum

108 1605 254 1662 antistites
288 1605 331 1662 aio
364 1610 541 1662 memorant:
575 1605 769 1660 ‘Ptolemaeo
805 1604 893 1678 Regi,
923 1603 990 1684 qui¹

108 1703 324 1762 ‘Macedonum
352 1703 459 1776 primus
488 1702 619 1777 Aegypti
646 1719 716 1774 opes
740 1702 880 1770 firmavit,
905 1718 967 1760 cum

108 1803 328 1860 ‘Alexandriae
341 1817 444 1859 recens
456 1802 593 1858 conditae
613 1801 729 1858 moenia
752 1804 918 1876 templaque
940 1803 968 1856 et

107 1899 285 1974 ‘religiones
312 1903 439 1967 adderet,
465 1903 594 1957 oblatum
622 1919 673 1973 per
699 1901 838 1975 quictem,
866 1903 966 1960 decore

108 1998 246 2066 ‘eximio
260 2005 290 2056 et
299 2000 407 2056 maiore
421 2016 506 2073 quem
532 2001 659 2056 bumana
678 2001 786 2072 epecie,
815 1999 965 2068 iuvenem,

108 2100 178 2174 ‘qui
201 2097 349 2165 mouerct‚’
369 2105 410 2166 ut,
431 2097 574 2155 fidissimis
602 2099 760 2156 amicorum
787 2098 819 2154 in
844 2099 967 2156 Pontum

107 2199 213 2267 mirsia,
246 2199 370 2272 effigiem
398 2213 478 2257 auam
505 2198 632 2254 acciret:
663 2201 769 2255 laetum
797 2197 828 2254 id
858 2197 968 2271 Regno,

106 2315 297 2374 magnamque
311 2303 341 2354 et
354 2296 487 2354 inclitam
500 2297 599 2354 eedem
611 2297 682 2364 iore,
696 2313 769 2371 quae
788 2296 968 2370 excepisset.
998 2317 1002 2323 ·

105 2462 153 2500 tem
182 2453 365 2516 ribuaateetibua
380 2451 482 2508 oculatis,
499 2451 587 2500 rublatu
606 2451 735 2499 Flauiorum
754 2455 829 2522 gente,
850 2451 889 2498 ubi
908 2449 969 2497 nulla

105 2514 149 2559 adn
160 2515 211 2560 andi
222 2519 260 2560 aut
270 2511 389 2559 mentiendi
399 2525 482 2560 cauata.
513 2513 665 2562 Quaecontrn
675 2513 730 2558 baec
739 2511 846 2557 miracula
856 2511 969 2568 disputen-

105 2573 270 2634 turaquodom
286 2574 329 2617 lac.
348 2573 425 2617 Seroea
442 2569 464 2616 in
484 2569 542 2616 libro
561 2571 589 2616 de
607 2570 725 2626 miraculis,
740 2583 807 2630 quon
818 2567 968 2616 Daemonibur

105 2630 214 2678 miracula
231 2629 316 2690 patrari
331 2634 404 2688 negat,
420 2643 440 2689 p.
457 2631 507 2675 276.
528 2643 571 2674 uon
590 2629 709 2675 admodum
728 2627 853 2688 probabilia
867 2631 931 2688 puto,
946 2630 970 2672 et

105 2689 271 2736 oenciouatorie
279 2689 356 2748 megia.
368 2703 436 2748 qaue·
451 2687 564 2734 subtiliter
573 2696 597 2734 et
611 2687 728 2734 dialectice
737 2687 771 2734 dia
801 2693 867 2745 tata;
883 2699 970 2732 vereor·

105 2744 753 2862 didm-ili³¹²³i³⁰⁰i⁸vilifilliiliqiiill
778 2745 969 2851 insimili

143 2821 154 2850 r
198 2821 418 2853 eurruurrauer
480 2820 493 2850 a
572 2820 670 2850 uun.
751 2837 757 2850 .

104 2863 167 2910 Brut.
179 2866 208 2910 ad
219 2865 276 2910 bunc
290 2867 370 2912 locum.
403 2864 489 2910 Mirum
505 2869 566 2910 certe
582 2863 670 2911 ilrneeti
687 2863 791 2909 iudicium
806 2862 880 2908 videri
890 2862 964 2908 debet.

105 2923 192 2970 Similes
202 2923 326 2984 Principum
337 2924 431 2978 frauder¹
446 2927 483 2967 vel
493 2922 525 2968 eia
539 2921 618 2968 saltem
634 2922 736 2978 tributor,
751 2921 844 2980 collegit
853 2921 966 2981 bupanus.

133 3001 239 3060 repent
253 3015 309 3058 pone
327 3003 423 3063 rogum]
456 3002 551 3062 Nempe,
568 3015 617 3048 cum
635 3015 659 3047 re
675 2999 776 3061 precibus
794 2999 859 3046 tactio
876 3002 968 3058 repente

104 3063 257 3178 Qzergbget,
268 3059 355 3164 fficio
373 3061 479 3122 captandi
498 3075 580 3108 carrera.
612 3060 665 3107 Vid.
685 3073 743 3120 quae
761 3059 808 3104 dixi
827 3059 856 3104 ad
875 3060 965 3122 Sueton-

133 3199 204 3254 origo
213 3197 266 3252 Dei,
277 3196 331 3255 etc]
363 3195 445 3240 Totum
460 3197 518 3242 bunc
532 3197 604 3242 locum
616 3197 634 3242 ei
650 3211 690 3256 per
698 3201 774 3256 parter
787 3195 901 3242 illustrare
910 3193 967 3240 libu-

102 3257 162 3312 laret,
177 3253 329 3314 comparandis
346 3253 439 3298 aliorum
454 3256 586 3314 scriptorum
604 3253 665 3311 locis,
686 3255 749 3314 larga
764 3253 840 3301 tuimet
853 3253 965 3300 materiea

102 3315 146 3358 Sed
155 3315 197 3358 hoo
208 3327 248 3358 nec
257 3311 382 3357 institutum
398 3317 495 3356 nostrrrm
512 3313 563 3368 lert,
579 3327 620 3358 uec
634 3314 702 3360 valde
715 3315 772 3360 utile
785 3322 895 3374 putamur.
927 3312 967 3358 Vi·

101 3371 235 3472 tornai
251 3369 342 3480 taret
356 3367 666 3476 turrinorum
682 3373 781 3478 ric
800 3371 965 3430 idm·
1041 3363 1042 3432 r

154 3459 160 3470 ·
236 3459 241 3471 ’
311 3457 349 3470 ·’
420 3458 425 3470 ’
528 3461 563 3486 ’r
604 3465 609 3476 ·
660 3465 666 3478 ·
721 3446 757 3479 m·
1041 3441 1042 3482 l
