2100 3834
91 169 165 242 276
383 189 637 240 ursromnnvu
818 187 897 238 nv.
913 187 968 238 aar.

92 349 145 402 rat.
167 344 355 404 inumbrante
372 361 493 417 vespera
507 342 673 400 universum
695 339 836 400 Flaviani
850 339 966 398 exerci-

93 451 138 500 tos
153 446 236 502 robur
250 442 381 502 alluerit.
422 443 522 518 thue
546 444 677 498 cumulos
699 458 788 514 super
810 447 840 496 et
864 457 965 496 receu-

93 543 133 600 tie
148 544 239 600 caede
262 541 386 614 vestigia
410 542 565 607 incessere,
579 540 661 614 quasi
688 541 866 596 debellatum
880 538 968 602 lorel,

93 647 231 716 ‘pergere
247 641 430 704 Cremonam,
445 645 474 696 et
491 641 585 696 victos
599 640 629 696 in
653 639 835 696 deditionem
849 636 966 708 accipe-

93 745 151 804 ‘re,
166 747 214 797 aut
229 737 415 813 expugnare,'
429 740 598 811 deposcunt.
639 738 722 794 Haec
738 736 768 792 in
784 735 889 802 medio,
904 735 966 808 pud·

92 839 163 896 chre
176 839 266 896 dictu.
308 839 363 895 llla
376 837 432 894 eibi
446 836 565 912 quisque
579 836 690 894 ‘Posse
714 836 861 892 coloniam
876 836 964 908 plano

93 937 197 994 ‘sitam
213 937 311 1010 inpetu
326 936 401 1008 capi.
444 937 526 994 idern
540 936 681 992 audaciae
697 952 747 1008 per
762 935 897 990 tenebras
920 931 962 988 in·

94 1035 324 1108 ‘rumpentibus,
348 1040 377 1091 et
401 1035 539 1092 maiorem
561 1034 692 1107 rapiendi
709 1028 868 1090 licentiam.
888 1031 962 1106 quod
1031 1021 1032 1076 l

92 1134 139 1190 ‘ei
166 1135 260 1190 lucem
287 1133 483 1206 opperiantur,
503 1132 561 1190 iam
587 1150 697 1205 pacem,
713 1131 772 1188 inm
795 1149 897 1204 preces
922 1135 961 1194 el,

95 1241 163 1307 ‘pro
181 1233 278 1290 labore
299 1251 335 1290 ac
360 1233 536 1302 vulneribus,
561 1233 750 1290 clementium
775 1238 806 1288 et
831 1231 960 1304 gloriam,

94 1330 223 1398 ‘inania
254 1332 378 1388 laturos:
408 1332 460 1388 sed
487 1349 557 1403 opes
582 1330 825 1390 Cremonensium
846 1331 877 1388 in
897 1329 959 1386 siau

95 1429 330 1488 ‘Praefectorum
351 1430 581 1506 Legalorumque
602 1429 671 1486 lore.
712 1429 906 1504 Expugnatae
920 1445 961 1485 ur·

96 1530 160 1586 ‘bis
185 1531 322 1604 praedam
342 1530 378 1586 nd
406 1529 540 1596 militem,
563 1528 679 1586 deditae
706 1530 743 1586 ad
772 1530 883 1595 Duces,
904 1544 961 1600 per

96 1627 226 1687 ‘tinere'
267 1630 448 1702 Speruuntur
475 1627 669 1686 Centuriones
697 1627 893 1703 Tribunique,
918 1643 961 1692 ac,

96 1745 134 1785 ne
163 1746 221 1785 vox
249 1728 417 1802 cuiusquam
456 1727 597 1795 audiatur,
627 1726 760 1802 quatiunt
786 1744 878 1792 arma,
903 1744 961 1800 rup

43 1825 152 1890 §loturi
173 1825 336 1900 imperium,
363 1827 565 1886 diducuntur.
606 1827 686 1884 Tum
712 1827 872 1892 Antonius,
892 1827 963 1882 inre·

96 1942 162 1980 rens
189 1942 221 1980 se
249 1925 413 1998 manipulis,
441 1923 491 1983 ubi
519 1926 658 1998 adspectu
684 1931 714 1982 et
734 1925 908 1982 auctoritate
929 1923 964 1982 si·

95 2021 217 2080 lentium
250 2022 377 2080 lecerat:
412 2030 494 2082 ‘uon
525 2042 556 2082 se
585 2025 684 2092 decus,
719 2042 807 2098 usque
842 2023 965 2098 pretium

98 2119 226 2195 ‘eripere
246 2127 304 2178 lem
320 2124 394 2180 bene
418 2119 547 2190 meritis‚’
566 2123 753 2192 adfirmabat;
775 2124 844 2180 ‘sed
869 2123 966 2181 divisa

93 2219 191 2277 ‘inter
214 2221 374 2278 exereitum
397 2221 552 2296 Ducesque
584 2221 700 2278 munia:
721 2221 863 2280 militibus
888 2221 968 2296 cupi·

94 2326 102 2351 ‘
114 2319 212 2378 dinem
225 2319 371 2394 pugnandi
382 2320 541 2376 convenire
553 2338 561 2389 ;
582 2321 683 2378 Duces
694 2320 887 2394 providendo,
901 2339 967 2379 con·

94 2419 258 2485 ‘sultendo
272 2418 461 2476 cunctatione
475 2418 599 2490 saepius,
613 2437 698 2493 quam
713 2419 891 2488 temeritate,
906 2438 966 2494 pro

95 2517 207 2574 ‘desse
257 2516 300 2573 Vl
332 2532 383 2590 pro
411 2515 489 2573 virili
518 2516 659 2588 portione,
689 2518 776 2574 armis
799 2535 836 2574 ao
867 2536 967 2586 mauu,

95 2621 102 2648 ⁸
119 2614 271 2672 victoriam
286 2599 400 2682 tulerit,
416 2613 527 2671 ratione
542 2619 570 2671 el
586 2615 718 2680 consilio,
734 2616 856 2688 propriis
872 2617 968 2674 Ducis

94 2713 229 2780 ‘edibon
251 2712 438 2783 profuturum.
489 2713 593 2787 Neque
620 2713 699 2771 enirn
729 2715 866 2788 ambigua
892 2734 967 2784 esse,

94 2817 183 2884 ‘quae
213 2817 383 2868 occurrant:
416 2817 532 2868 noctem
559 2817 588 2868 et
616 2812 733 2886 ignotae
757 2813 846 2871 situm
878 2816 967 2881 urbis,

93 2909 190 2964 ‘intus
215 2909 312 2965 hostes
340 2915 369 2965 el
392 2916 499 2970 cuncta
524 2910 638 2967 insidiis
664 2917 835 2984 opportuna.
858 2915 967 2980 nou‚si

92 3012 229 3080 ‘pateant
255 3013 368 3078 portae,
389 3009 446 3064 nisi
460 3010 621 3080 explorato,
637 3008 693 3067 nisi
707 3009 765 3078 die,
787 3010 965 3068 intrandum.

92 3107 161 3163 ‘An
175 3105 420 3177 oppugnationem
433 3107 628 3173 inchoaturos,
643 3109 778 3181 adempto
792 3109 875 3166 omui
891 3129 966 3182 pros-

91 3209 207 3274 ‘pectn
228 3203 289 3275 quis
311 3219 417 3276 aequus
432 3207 520 3270 loeus,
538 3213 645 3279 quanta
659 3205 782 3262 altitudo
796 3206 966 3268 moenium?

90 3301 299 3356 ‘tormentisne
313 3305 343 3355 et
364 3301 438 3363 telis,
461 3321 498 3358 an
512 3304 646 3374 operibus
669 3310 698 3360 el
716 3305 820 3370 vineis,
835 3307 966 3380 adgredi·

91 3398 188 3452 ‘enda
204 3399 268 3453 urbs
283 3393 387 3456 loreti’
408 3399 479 3456 Mox
495 3417 654 3458 conversus
668 3404 705 3460 ad
720 3404 861 3478 singulos,
876 3411 884 3436 ‘
899 3423 967 3466 num
