2114 3830
83 221 205 270 scu.
317 222 385 270 nra.
413 221 459 271 rr.
507 221 585 268 oar.
612 199 671 268 71.
698 200 757 268 tu.
876 149 947 267 385
1009 185 1034 244 ’Ῑ

77 389 161 434 manu
186 373 370 434 Valentinus
396 376 552 442 insederat,
576 374 721 434 montibus
750 377 799 433 aut
824 373 950 431 Mosella

78 489 160 530 amne
181 485 310 549 septum.
324 482 355 534 et
369 476 520 533 addiderat
531 475 623 532 lcssas
636 475 790 548 obicesque
804 489 949 531 saxorum.

77 572 141 630 Nec
160 575 334 632 deterruere
361 593 396 632 ea
419 576 599 668 mpnimenta
638 573 801 631 Romanum
825 574 951 639 Ducem,

76 685 131 744 quo
157 673 260 732 minua
289 675 416 748 peditem
453 691 635 748 perrumpere
667 673 789 740 iuberet,
822 673 951 748 equitum

76 769 170 829 aciem
190 773 226 832 in
252 777 360 831 collem
382 773 515 846 erigeret,
542 777 639 846 spreto
666 774 767 844 hoste,
788 789 882 847 quem,
908 779 951 860 te·

75 883 152 927 mere
167 875 350 940 conlectum,
372 874 448 930 haud
473 875 515 930 ita
542 875 608 930 loco
631 873 736 940 iuvari,
750 879 780 930 ut
804 889 862 930 uon
888 873 951 945 plus

75 968 132 1024 tuis
146 969 179 1026 in
207 971 320 1030 virtute
344 973 424 1030 toret.
466 973 600 1026 Paullum
622 987 719 1025 morae
746 971 951 1039 traducentem

75 1063 143 1122 dum
171 1067 301 1124 missilia
324 1067 450 1124 hostium
478 1069 710 1140 praecelluntur:
731 1071 762 1124 ut
786 1072 905 1125 ventum
920 1067 951 1124 in

75 1179 187 1234 manus,
220 1168 368 1224 deturbati
394 1169 495 1224 ruinae
523 1168 609 1223 modo
633 1165 871 1240 praecipitantur.
911 1167 952 1224 Et

75 1277 139 1332 pars
165 1268 310 1341 equitum,
334 1266 516 1340 aequioribus
538 1266 612 1340 iugis
634 1267 844 1333 circumvecta,
868 1266 949 1324 notri·

76 1358 203 1422 lissimos
218 1366 388 1439 Belgarum,
399 1363 430 1421 in
442 1365 505 1439 quis
518 1367 631 1421 Ducem
643 1365 846 1432 Valentinum,
860 1365 949 1438 cepit.

77 1455 206 1521 Cerialis
221 1471 338 1538 postero
352 1464 400 1520 die
414 1464 560 1521 coloniam
583 1463 780 1520 Treverorum
806 1464 950 1536 ingressus
963 1469 1004 1532 72

76 1565 129 1626 est,
155 1563 251 1621 avido
277 1561 370 1620 milite
397 1563 542 1620 eruendae
568 1561 717 1620 civitatis:
753 1562 851 1618 ‘hano
886 1578 951 1618 esse
1033 1607 1034 1620 ,

76 1657 238 1730 ‘Classici
264 1662 342 1720 hanc
370 1661 500 1727 Tutoris,
534 1661 678 1734 patriam:
713 1662 813 1718 horum
838 1664 952 1718 scelere

77 1757 211 1818 ‘clausas
241 1771 398 1836 caesarque
427 1761 567 1834 legiones.
610 1759 687 1832 Quid
703 1765 815 1817 tantum
834 1760 952 1817 (tremo-

77 1857 162 1916 ‘nam
177 1861 338 1930 meruisse3
358 1875 474 1933 quante
495 1858 606 1933 gremio
626 1859 731 1916 ltaliae
744 1864 866 1931 raptam,
882 1859 951 1934 quia

79 1954 181 2014 ‘nnius
205 1957 301 2015 noctis
326 1973 435 2014 moram
449 1957 609 2016 victoribus
631 1956 793 2017 adtulerit?
814 1960 898 2016 Stare
918 1959 951 2016 in

79 2055 231 2114 ‘confinio
246 2056 423 2114 Germaniae
444 2056 587 2130 integram
600 2057 711 2124 aedem,
724 2057 824 2130 spoliis
839 2057 952 2115 exerci-

80 2151 185 2212 ‘luum
211 2159 241 2212 el
266 2157 383 2214 Ducum
407 2155 545 2214 caedibus
572 2161 720 2212 ovantem.
762 2155 953 2228 Redigeretur

83 2243 213 2321 ‘praeda
239 2253 271 2312 in
297 2255 417 2312 liscumr
439 2254 655 2328 ipsisaufflcere
669 2254 752 2326 ignes
776 2257 806 2310 et
827 2253 944 2310 rebellis

80 2321 235 2410 'coloniae
249 2353 356 2419 ruinas,
370 2353 473 2428 quibus
487 2357 530 2410 tot
544 2357 702 2410 castrorum
718 2351 835 2408 excidia
851 2363 953 2424 peasa·

81 2449 218 2509 ‘rentur’
259 2451 394 2515 Cerialis,
419 2469 437 2508 a
457 2459 536 2508 metu
550 2451 698 2518 infamiae,
716 2451 742 2506 sl
756 2449 877 2507 licentia
890 2463 953 2506 sae·

80 2543 212 2626 vitiaque
227 2550 347 2608 inbuere
362 2549 485 2608 militem
505 2551 680 2616 crederetur,
705 2549 809 2622 pressit
820 2548 899 2604 iras:
921 2552 952 2605 et
1012 2555 1019 2570 '

83 2658 214 2717 paruere,
228 2649 323 2722 posito
336 2647 448 2706 civium
464 2650 550 2716 bello,
564 2649 600 2704 ad
615 2653 737 2705 externa
752 2647 951 2726 modestiores.

83 2741 239 2808 convertit
252 2747 322 2804 iude
347 2747 462 2806 animos
490 2746 649 2804 accitarum
676 2765 694 2802 e
719 2745 952 2804 Mediomatricis

84 2839 231 2917 legionum
245 2845 416 2903 miserabilis
431 2847 593 2920 adspectus.
636 2846 760 2903 Stabant
771 2845 953 2904 conscientia

85 2939 468 3018 flagitiimoeslae,lixisiu
492 2949 597 3002 terram
621 2945 723 3002 oculis.
765 2945 856 3004 Nulla
875 2946 953 3004 inter
1006 2935 1013 2950 '

85 3049 225 3101 coeuntes
239 3043 386 3102 exercitus
399 3041 601 3101 consalutatio.
613 3061 707 3118 nsque
718 3045 878 3102 solantibus
890 3045 953 3101 hor-

87 3141 253 3200 tantibusve
281 3157 418 3216 responsa
447 3143 564 3210 dabant,
586 3142 677 3200 abditi
704 3159 755 3216 per
778 3143 903 3200 tentoria
924 3145 954 3199 et

90 3237 183 3298 lucem
209 3241 302 3316 ipsam
330 3242 467 3300 vitantes.
499 3257 556 3300 nec
584 3240 703 3315 perinde
732 3239 955 3314 periculumaut

116 3393 237 3444 narrata
252 3394 355 3458 erraris]
375 3395 389 3441 i.
407 3409 427 3442 s.
443 3395 554 3442 delendae
568 3392 674 3440 tunditur.
706 3393 807 3439 Sumlum
822 3403 836 3438 a
850 3390 954 3452 Virgilio.

96 3449 154 3502 len.
165 3455 196 3516 ll,
205 3455 256 3502 till.
267 3457 317 3503 612.
329 3453 569 3516 ammoneremus
577 3453 656 3500 ariera
665 3451 731 3499 crull.
762 3449 823 3498 Ern.
