2100 3816
120 203 233 253 scer.
305 202 377 252 nra.
403 203 475 254 ιιι.
527 203 606 252 car.
633 183 801 251 ud-ua.
906 181 975 248 113

117 356 207 416 habitu
233 358 346 432 tragico
371 359 530 418 cecinerat.
554 357 602 416 die
629 374 751 432 quoque,
770 373 827 431 quo
854 355 975 414 Praetor

117 457 260 523 Antiatiua
273 460 312 515 ob
325 459 428 530 probra
450 459 481 516 in
497 457 645 514 Neronem
667 455 837 528 componis,
850 456 887 512 sd
903 471 975 512 naor·

114 559 166 612 tear
192 555 534 620 damnabatur,·nsitiora
561 555 674 614 cemuit
703 553 903 628 obtinuitque:
934 557 975 620 et,

111 670 170 712 curo
187 657 280 714 Deum
293 656 420 712 honores
444 655 598 726 Poppaeae
620 655 857 716 decernerentur,
871 657 974 724 sponte

112 754 218 818 tuear,
232 753 328 810 funeri
343 769 401 810 non
418 751 554 810 interfuit.
596 753 680 823 Quae
693 749 927 808 obtitterartnon
938 749 974 808 si·

112 855 192 910 nebat
206 853 316 924 Capito
330 852 530 912 Cossutianus.
546 859 659 924 praeter
671 850 799 930 animum
814 849 851 906 ad
866 849 976 922 tingitis

113 951 305 1024 praecipitem,
338 950 475 1008 inimicus
510 951 669 1014 'Pirascon
699 949 774 1022 quod
803 948 974 1006 auctoritate

114 1049 168 1106 eius
188 1050 377 1113 concidisset,
393 1048 521 1106 inventis
544 1048 670 1104 Cilicum
692 1049 809 1120 legatos,
822 1049 890 1104 dum
919 1047 975 1106 Ga·

113 1148 231 1221 pitonern
243 1148 466 1220 repetundarum
480 1147 669 1219 interrogent.
711 1147 788 1218 Quin
810 1153 839 1204 et
853 1147 905 1204 iiia
925 1149 971 1204 ob·
984 1153 1027 1212 22

114 1245 253 1304 ministr
273 1245 441 1319 ‘principio
462 1246 532 1302 anm
548 1244 642 1302 vitare
665 1245 828 1304 Thraseam
850 1247 973 1304 soienne

112 1344 339 1402 ‘iusiurandumr
362 1343 625 1414 nuncupationibus
639 1351 771 1402 votorum
787 1361 843 1400 non
860 1345 974 1412 adesse,

112 1445 257 1518 ‘quamvis
290 1443 555 1514 Quinueetmvtrart
590 1443 761 1500 Saceaiotio
795 1442 973 1515 praeditum:

113 1548 270 1616 ‘nunquam
285 1559 339 1614 pro
352 1543 445 1598 saiute
461 1540 615 1613 Principis,
638 1549 687 1598 aut
707 1540 828 1597 caelesti
845 1556 918 1596 voce
932 1539 975 1596 in-

114 1641 282 1698 ‘rnoievisae
294 1660 309 1716 :-
323 1640 474 1698 adsiduum
487 1639 558 1697 oiim
580 1646 611 1696 ct
638 1637 825 1702 indefessum,
844 1637 893 1711 qui
915 1639 976 1696 vui·

112 1740 239 1812 ‘garinus
253 1755 365 1812 quoque
382 1739 499 1796 Petrum
513 1737 655 1796 consuitis
669 1736 756 1794 temet
773 1736 912 1794 tautorern
926 1741 976 1793 aut

113 1836 324 1894 ‘adversarium
357 1837 533 1899 ostenderet,
567 1835 694 1894 triennio
727 1853 785 1894 non
828 1835 974 1894 introiisse

112 1937 252 1994 ‘curiemz
276 1937 506 2008 nuperrimeque,
517 1951 585 1992 curu
599 1936 635 1991 sd
649 1936 827 1994 coercendus
840 1935 975 1992 Silanum

113 2038 156 2091 ‘et
169 2036 311 2091 Veterem
326 2035 460 2091 certatim
483 2040 709 2098 concurreretur,
732 2033 853 2107 privatis
879 2034 978 2107 potius

112 2132 277 2190 ‘otientium
292 2131 417 2204 negotiis
432 2132 593 2189 vacavisse.
608 2135 803 2190 secessionem
817 2133 875 2190 iarn
890 2132 919 2188 id
944 2136 976 2188 et

112 2238 241 2306 ‘partes3
256 2239 295 2296 et,
309 2233 334 2288 si
348 2231 425 2288 idern
441 2231 524 2288 inuiti
537 2233 672 2296 audeant,
686 2232 794 2288 betium
816 2247 891 2286 esse.
931 2230 976 2286 Vt

111 2333 272 2405 ‘quondam
301 2332 336 2388 O.
363 2331 539 2395 Caesarem?
562 2329 728 2404 inquit‚‘et
757 2327 974 2395 Mentanour,

109 2431 165 2486 ‘ita
180 2447 260 2488 nuno
275 2434 313 2494 te,
329 2429 417 2494 Nero,
431 2435 462 2485 et
477 2429 640 2486 'i'irrasearn
654 2428 743 2483 avida
767 2425 976 2483 discordiarum

109 2530 233 2588 ‘civitas
260 2528 392 2600 loquitur.
432 2527 472 2584 Et
496 2529 583 2584 hahet
610 2530 778 2588 sectatores,
804 2526 851 2582 rei
880 2524 974 2596 potius

107 2629 279 2692 ‘satellites
294 2627 342 2701 qui
367 2629 493 2684 nondam
518 2625 732 2684 contumaciam
755 2623 976 2692 sententiarum,

108 2729 176 2784 ‘sed
206 2726 338 2784 habitum
367 2727 535 2798 vuiturnquo
559 2724 622 2781 eius
648 2729 804 2789 sectantur,
832 2723 915 2798 rigidi
943 2729 973 2781 et

104 2827 235 2891 ‘tristes,
259 2841 315 2897 qrro
339 2823 393 2881 tibi
416 2824 571 2881 lasciviam
599 2823 783 2896 exprobrent.
823 2823 900 2880 Huic
922 2824 973 2880 uni

103 2923 311 2982 ‘incolumitas
326 2928 383 2990 tua,
398 2927 463 2979 tuae
478 2927 563 2987 artes,
578 2921 641 2978 sine
656 2923 773 2978 honore.
816 2923 973 2994 Prosperae

104 3031 111 3056 ⁶
125 3021 274 3092 Principis
296 3039 340 3077 res
353 3021 482 3093 spernit:
504 3021 631 3076 etiamne
646 3020 769 3076 luctibus
783 3028 813 3078 et
826 3023 975 3079 datoribus

103 3129 182 3178 ‘non
198 3116 344 3178 satiaturi
384 3119 523 3176 Eiusdem
545 3117 634 3174 animi
657 3124 710 3185 est,
733 3120 896 3192 Poppaeam
921 3121 972 3177 Di·

102 3228 193 3276 ‘vam
215 3237 274 3276 non
294 3220 421 3287 credere,
435 3218 517 3276 ouius
531 3218 563 3274 in
581 3226 646 3274 acta
668 3219 706 3276 D.
733 3217 865 3289 Augusti.
886 3225 916 3274 et
931 3219 971 3274 D.

104 3317 195 3376 ‘tutti
219 3335 276 3375 non
296 3318 398 3376 iurare.
439 3317 556 3387 Spernit
571 3317 735 3390 reiigiones,
749 3318 867 3387 abrogat
884 3319 971 3388 teges.

103 3413 241 3474 ‘Diarda
269 3417 374 3492 Poputi
397 3415 524 3476 Romani
547 3433 598 3487 per
620 3413 795 3490 provincias,
815 3431 867 3487 per
889 3430 971 3471 exer·

144 3531 215 3572 vor..
236 3531 272 3572 rr.
550 3511 619 3569 io*
