2158 3820
90 153 137 222 rt
409 171 593 220 srnmvur
811 171 842 218 s.
857 170 888 218 v.
903 171 959 220 eru

86 326 258 386 concedere.
278 326 464 400 clausumque
490 327 569 382 valle
588 322 740 382 Vaticana
769 321 903 396 spatium,
924 323 960 380 in

87 442 245 502 quoequos
260 429 382 498 regeret,
403 424 480 480 baud
504 421 668 496 promiscuo
687 424 865 494 spectaculo.
886 437 960 482 mox

86 527 163 585 ultro
187 523 286 582 vocari
310 523 437 596 Populus
462 522 620 588 Romanus,
646 520 836 594 laudibusque
862 521 958 578 extol·

86 626 156 691 lere,
169 627 201 680 ut
214 627 259 679 est
274 623 376 696 uulgus
395 619 517 693 sununs
538 622 728 693 voluptatum,
749 623 788 686 et,
802 617 828 675 si
850 618 958 676 eodem

87 722 228 796 Princeps
248 721 351 787 trabat,
371 721 488 776 laetum.
528 719 667 777 Celerum
687 719 840 792 evulgatus
864 717 958 790 pudor

55 840 60 864 ⁴
87 838 147 880 non
160 819 334 885 sutietatem,
347 822 379 876 ut
399 819 543 886 rebantur,
557 818 608 874 sed
627 815 850 874 incitamentum
873 815 958 874 adtu-

86 918 128 976 lit.
171 918 318 991 Ratusque
337 917 464 975 dedecus
485 914 608 982 amoliri,
632 914 658 972 si
680 915 775 987 plures
799 914 957 980 foedasset,
999 941 1011 952 ι

85 1015 227 1074 nobilium
250 1013 422 1072 familiarum
449 1019 588 1087 posteros,
612 1017 743 1088 egestate
769 1013 897 1080 venales,
921 1009 957 1070 in

84 1131 204 1174 menam
225 1112 366 1170 deduxitz
385 1130 456 1187 quos
477 1113 537 1170 iato
561 1111 737 1186 perfunctos,
761 1129 799 1168 uc
824 1109 956 1170 nomim-

85 1213 137 1272 tinr
151 1213 271 1278 trudam,
286 1209 441 1269 maioribus
467 1227 566 1270 eorum
581 1211 765 1268 tribuendum
786 1216 862 1282 puto.
884 1225 956 1268 nem

84 1318 114 1370 et
128 1310 190 1370 eius
204 1309 343 1384 flagitium
356 1313 410 1376 est,
429 1310 479 1384 qui
500 1309 655 1383 pecuniam
668 1310 706 1368 ob
727 1307 836 1366 delicta
856 1306 954 1380 notius

82 1409 173 1480 dedit,
197 1426 282 1484 quam
307 1427 344 1466 ue
365 1409 577 1484 delinquerent.
619 1409 713 1466 Notos
732 1425 843 1482 quoque
864 1405 955 1480 Equi·

85 1515 129 1567 tes
141 1509 288 1566 Romanos
300 1525 402 1580 oneras
416 1524 523 1566 urenae
547 1507 715 1581 promittere
738 1505 852 1580 subegit
865 1504 954 1564 donis

83 1608 268 1682 ingentibus:
304 1606 360 1664 nisi
387 1607 463 1680 quod
491 1623 602 1664 merces
628 1608 666 1664 ab
692 1623 738 1673 eo,
763 1604 814 1679 qui
842 1593 953 1662 ¹'subere

32 1710 188 1780 loncscet,
214 1705 275 1764 vim
303 1704 486 1762 necessitatis
513 1705 613 1773 adteri.
653 1705 703 1765 Ne
730 1710 828 1762 tamen
855 1701 955 1762 subus

83 1803 200 1878 publico
215 1805 326 1862 theatro
339 1804 586 1870 dehonestaretur,
600 1773 725 1862 instituit
739 1803 829 1868 ludos,
850 1797 954 1858 Juven-

83 1899 172 1960 ute'um
186 1903 337 1968 vocabulo,
362 1901 393 1960 io
416 1919 486 1976 quos
510 1901 617 1974 passim
641 1901 760 1960 nomina
782 1902 869 1958 deta:
890 1915 954 1958 non

82 2000 220 2058 nobilitas
234 1999 377 2072 cuiquam,
401 2018 461 2058 non
475 2004 566 2066 aetas,
586 2005 636 2057 aut
657 1999 717 2058 acti
732 2000 854 2056 bonores
870 1998 954 2070 inpe-

81 2098 223 2164 dimento,
237 2115 294 2172 quc
307 2100 402 2156 minus
416 2097 524 2156 Graeci
539 2097 678 2156 Latinive
692 2096 841 2156 histrionis
854 2102 953 2157 artem

82 2202 266 2265 exercerent,
293 2215 382 2270 unque
409 2197 446 2254 ad
472 2203 570 2270 gestus
597 2197 752 2271 modosque
780 2196 856 2254 baud
881 2195 953 2254 viri·

79 2296 135 2354 les.
164 2295 255 2368 'Quin
270 2302 300 2354 et
324 2295 449 2354 leoninae
472 2297 608 2355 inlustres
631 2295 772 2354 delorrnie
796 2294 952 2354 meditaris

82 2400 287 2468 exstructaque
310 2395 384 2468 apud
410 2411 520 2461 nemus,
547 2395 624 2468 quod
648 2393 747 2450 navali
771 2401 875 2474 stagno
895 2392 953 2452 cir·

81 2493 244 2566 cumposuit
270 2496 425 2567 Augustus,
444 2492 662 2552 econventicula
687 2497 717 2550 et
731 2510 892 2564 cauponae,
918 2496 953 2552 et

83 2592 178 2664 posita
205 2611 282 2650 veno
305 2593 491 2652 inritamento
516 2596 609 2650 luxus.
630 2573 827 2668 dabanturque
848 2593 953 2667 stipes,

82 2707 153 2764 quae
173 2691 245 2748 bcai
269 2691 453 2758 necessitate,
476 2693 704 2764 intemperantes
730 2693 822 2768 gloria
846 2709 952 2752 consu·

82 2794 204 2846 merent.
245 2788 317 2846 lude
330 2789 454 2862 gliscere
475 2789 583 2864 flagitia
604 2797 634 2847 et
653 2791 787 2860 infernin
808 2808 864 2848 nec
888 2793 953 2850 ullu

82 2885 209 2946 moribus
232 2889 302 2944 olim
322 2887 462 2960 corruptis
484 2890 546 2961 plus
568 2889 721 2948 libidinum
749 2889 952 2961 circumdedit,

81 3003 168 3060 quam
196 2986 247 3042 illa
273 2985 434 3044 conluvies.
483 2987 546 3044 vix
569 2988 678 3046 artibus
700 2989 829 3046 honestis
857 2988 952 3060 pudor

83 3084 239 3142 retinetur:
271 3086 385 3148 nedum,
409 3085 486 3142 inter
511 3086 672 3144 certamina
696 3087 841 3152 vitiorum,
868 3085 953 3158 pudi-

82 3182 154 3242 citie
167 3190 217 3240 aut
241 3183 380 3241 modestia
396 3189 445 3242 aut
469 3184 624 3258 quidquam
647 3186 728 3259 probi
752 3185 838 3244 moris
861 3201 953 3242 reser-

84 3287 209 3340 varetur.
269 3281 418 3338 Postremo
450 3281 512 3353 inse
527 3290 530 3294 ’
548 3299 667 3342 scenam
702 3283 823 3349 incedit,
856 3283 952 3341 multa

80 3396 153 3438 cura
181 3385 296 3440 tentans
322 3380 463 3438 citheratn
490 3383 521 3436 et
549 3381 762 3453 praemeditans
785 3380 954 3440 adsistenti-
