2090 3838
76 173 149 241 220
377 193 630 244 nicroamavu
801 197 831 244 a
845 195 875 243 v.
889 197 939 248 rur.
1034 244 1035 270 ,

74 347 260 406 norissimus
287 348 323 406 1..
355 350 447 416 Sulla,
475 350 584 406 victam
611 348 697 406 armis
724 349 890 407 libertatem
908 348 939 408 in

74 447 303 506 dominationem
323 455 480 505 verterunt.
522 450 592 505 Post
607 449 681 522 quos¹
700 450 758 506 On.
785 449 939 522 Pompeius

74 549 225 613 occultior,
247 563 304 604 nou
319 547 428 603 melior.
468 547 507 604 Et
532 563 684 621 numquam
708 552 820 620 postea,
834 547 890 604 nisi
903 548 940 604 ds

76 645 244 719 Principum
264 645 434 720 quaesitum.
475 646 719 702 Nondiscessere
739 648 777 702 ab
799 647 887 702 armis
911 646 941 704 iu
1035 635 1036 646 ἶ

76 743 225 801 Pharsalia
254 761 289 800 ac
324 743 468 817 Philippis
508 745 620 801 civium
652 745 941 818 legionen-nedum

77 843 201 900 Othonis
215 859 250 899 ac
266 841 383 898 Vitellii
398 843 544 900 exercitus
558 849 662 915 sponte
686 843 810 915 posituri
835 845 943 901 bellum

77 940 193 1010 luerint,
213 942 315 998 eadem
340 940 406 998 illos
425 942 517 998 Deum
532 941 584 1007 ira,
611 942 715 997 eadem
729 941 880 998 bominum
901 957 943 998 ra·

78 1037 151 1101 bles,
172 1039 292 1095 casalem
311 1033 454 1096 scelerum
468 1055 590 1095 caussae
604 1039 635 1094 in
649 1039 824 1096 discordiam
846 1057 942 1112 egere.

79 1137 164 1208 Quod
177 1139 299 1211 singuiis
315 1141 394 1194 velut
409 1139 514 1194 ictibus
539 1143 684 1194 transacta
699 1143 765 1194 sunt
787 1139 875 1204 bella,
903 1137 943 1212 ig-

78 1237 165 1293 navia
182 1237 349 1309 Principum
377 1238 553 1293 factumest.
598 1237 657 1293 Sed
686 1253 733 1292 mc
748 1241 881 1292 veterum
897 1253 944 1292 no·

78 1351 236 1409 eorumque
252 1351 360 1391 morum
376 1335 519 1408 reputatio
532 1335 646 1409 longius
661 1336 744 1390 tulit:
760 1351 837 1390 nuuc
851 1335 891 1390 ad
905 1351 946 1391 re·

25 1443 66 1500 39
79 1451 141 1492 rum
168 1435 298 1491 ordinem
318 1433 415 1490 venio.
457 1433 593 1490 Prolecto
620 1432 783 1489 Brixellum
798 1459 801 1468 ·
817 1432 947 1502 Othone,

78 1535 170 1592 bonor
195 1533 313 1606 Imperii
340 1549 429 1606 penes
455 1531 609 1589 Titianum
633 1533 759 1597 tratrem,
780 1529 825 1588 vis
845 1548 882 1588 ac
897 1549 946 1605 po·
1038 1587 1039 1600 ,

65 1638 169 1692 testas
189 1651 278 1706 penes
295 1632 446 1689 Proculum
460 1631 653 1688 Praefectum.
695 1631 800 1688 Celsos
814 1636 844 1686 et
861 1631 948 1687 Paul·

79 1731 165 1798 linus,
196 1747 262 1788 curn
290 1730 442 1800 prudentia
468 1745 569 1786 eurum
597 1746 684 1786 nemo
710 1734 845 1795 uteretur,
866 1727 949 1786 inani

82 1829 200 1885 nomine
236 1829 361 1895 Ducum,
395 1828 509 1884 alienae
541 1830 645 1901 eulpae
673 1827 947 1900 praetendebantur.

82 1925 209 1984 Tribuni
224 1925 472 2001 centurionesque
483 1927 619 2000 ambigui,
634 1927 717 2000 quod,
727 1927 831 1998 spretis
846 1928 948 1984 melio·
1039 1910 1040 1952 l

79 2023 170 2091 riuus,
188 2024 336 2080 deterrimi
365 2026 512 2082 valebant.
533 2028 617 2082 miles
637 2027 752 2094 aiacem
774 2025 824 2099 qui
848 2034 948 2084 tamen

79 2123 157 2180 iussa
190 2123 306 2180 Ducum
339 2123 531 2196 interpretari,
561 2141 645 2197 quam
673 2123 801 2198 exsequi,
836 2127 946 2182 mallet.

80 2221 250 2280 Promoveri
265 2224 301 2279 ad
327 2227 459 2296 quartum
485 2239 503 2277 a
527 2222 674 2279 Bedriaco
696 2227 791 2280 castra
815 2223 945 2296 placuitr

80 2323 155 2379 adeo
176 2321 309 2394 inperite,
328 2325 362 2376 ut
374 2337 546 2394 quamquam
562 2337 653 2378 vernn
668 2326 796 2394 tempora
811 2321 893 2388 anni,
916 2326 948 2378 ct

80 2427 123 2476 tot
137 2421 246 2478 circum
260 2419 401 2484 amnibus,
423 2419 542 2491 penuria
555 2436 646 2492 aquae
660 2419 859 2492 fatigarentur.
901 2418 947 2477 lbi

80 2519 117 2575 de
132 2519 242 2592 proelio
261 2519 431 2574 dubitatum.
473 2517 590 2573 Othone
606 2533 656 2589 pcr
670 2517 780 2574 litteras
795 2517 947 2590 flagitante

80 2622 111 2673 ut
127 2622 320 2685 maturaruut;
341 2615 489 2684 militibus,
510 2621 541 2670 ut
556 2615 715 2687 Imperator
730 2633 844 2689 pugnae
867 2618 948 2674 adea·

81 2719 135 2780 sel,
157 2715 360 2786 poscentibus:
382 2713 509 2786 plerique
523 2711 622 2784 copias
643 2718 721 2770 traua
737 2713 848 2771 Padum
862 2731 948 2789 agen·

81 2819 125 2868 tes
140 2811 230 2869 acciri
245 2813 436 2884 postulabant.
461 2813 526 2868 Nec
541 2811 660 2883 perinde
674 2811 830 2884 dijudicari
846 2818 954 2886 potest,

81 2911 148 2986 quid
173 2912 313 2984 optimum
338 2911 415 2968 lactu
443 2911 539 2978 luerit,
560 2927 645 2984 quam
671 2911 826 2985 pessimum
852 2911 951 2980 luisse,

108 3085 173 3132 Iurrn
189 3085 283 3132 Dorum
297 3083 450 3144 interpretare]
483 3084 507 3129 ld
523 3087 564 3139 ert,
581 3083 693 3144 inquirere
707 3083 730 3129 in
744 3097 832 3130 cauam
842 3084 951 3142 iussionis,

79 3151 103 3190 et
113 3145 230 3204 explorare
240 3158 265 3188 ac
280 3143 410 3202 ponderare,
426 3156 492 3244 quam
507 3142 603 3212 simplici
618 3142 746 3188 obedientia
760 3147 859 3202 patrare.
891 3144 952 3190 Tale

79 3203 101 3249 in
115 3203 261 3258 agricolatu.
295 3201 356 3246 Adeo
373 3204 400 3246 ut
413 3201 519 3258 porique,
535 3215 581 3246 urso
595 3206 718 3260 operaque
731 3201 846 3258 Agricola,
861 3215 951 3262 quaere

79 3267 129 3306 reat
142 3262 240 3317 fumum,
258 3259 325 3315 pauci
342 3259 551 3314 interpretarentur.
585 3259 705 3318 Significat,
726 3261 807 3306 multoe
827 3275 855 3306 ex
875 3261 951 3323 specie

79 3321 165 3367 tanturn
175 3325 266 3364 externa
275 3317 390 3374 iudicasse,
400 3330 480 3377 paucos
488 3315 603 3376 inquisisse
613 3324 651 3364 ant
661 3319 794 3380 explorasse.
825 3319 889 3379 Ia'pa
