2100 3834
72 162 148 212 nc.
165 165 237 218 ro„
315 159 384 207 ura.
411 161 463 208 ιιι.
513 160 591 208 cae.
619 137 677 206 68.—
705 135 763 208 69.
881 135 953 208 309

73 317 164 380 cilius
189 315 328 388 Simplex
355 313 431 391 erat)
445 317 608 372 exsolutum
636 332 654 372 a
683 317 771 374 latere
785 308 953 389 ¹pugionem,
1038 327 1039 384 s

75 420 165 474 vetut
179 416 226 472 ins
243 415 324 472 necis
347 416 481 489 vitaeque
496 414 616 480 civium,
638 415 784 472 reddebat.
829 416 954 487 Adsper·
1038 409 1039 466 ἐ

75 524 173 574 nante
190 516 331 582 Consule,
350 516 585 580 reclamantibus,
605 517 654 589 qui
682 516 712 572 iu
735 516 878 572 concione
905 515 954 572 ad·

74 615 231 681 stiterunt,
251 621 282 672 ut
307 615 338 672 iu
359 616 432 678 aede
447 616 630 672 Concordiae
665 616 805 688 positurus
827 613 953 686 iusignia

74 715 218 786 Imperii,
237 715 410 788 domumque
430 714 525 770 fratris
543 713 691 786 petiturus,
703 714 847 770 discessit.
892 714 953 772 Ma·

74 813 124 872 ior
147 815 199 870 hic
224 816 334 872 cinnor
357 813 558 870 obsistentium
584 813 742 870 Penatibus
768 810 953 885 paleatinus

71 910 222 990 palatium
242 913 421 971 vocaminm.
464 913 655 972 laterclusum
682 912 760 970 aliud
788 912 852 976 iter,
867 914 952 985 idque

73 1015 183 1080 sotum,
206 1013 280 1086 quod
295 1011 325 1068 in
352 1013 473 1070 Sacram
488 1013 565 1068 viarn
582 1019 722 1086 pergeret,
743 1014 869 1084 patebat.
891 1018 952 1070 turn
979 1061 988 1068 .

74 1112 200 1170 consilii
228 1111 366 1184 inops‚in
382 1113 521 1185 palatium
547 1111 644 1171 rediit.
687 1113 883 1170 Praevenerat
909 1131 952 1172 ru·

73 1230 150 1276 mor,
172 1209 284 1266 aaron
303 1209 339 1268 ab
353 1229 384 1268 eo
401 1211 574 1288 Imperium.-
593 1211 803 1286 scripseratque
827 1213 950 1272 Flavius

74 1311 208 1370 Sabinus
222 1311 385 1369 cohortium
415 1311 566 1376 Tribunis,
584 1317 616 1368 at
642 1309 757 1368 militem
781 1309 948 1370 cobibererrl.

76 1393 185 1485 Igitur,
213 1417 359 1484 tamquam
383 1411 478 1468 omnis
512 1411 690 1482 Respublica
713 1411 744 1468 in
772 1411 948 1482 Vespasiani
958 1423 999 1480 69

76 1511 175 1567 sinum
190 1511 336 1573 cessisset,
359 1511 496 1582 prinarres
512 1512 637 1568 Senatus
651 1515 679 1567 et
692 1509 820 1582 plerique
843 1511 950 1582 Eques·
979 1503 984 1511 ⁸

80 1611 131 1668 tris
152 1609 265 1666 ordinis
293 1609 444 1683 omnisque
471 1609 555 1666 miles
569 1611 694 1666 urbanus
715 1614 745 1666 et
773 1609 877 1682 vigiles
900 1610 950 1666 do·

78 1727 159 1768 ιιιιιιιι
202 1709 302 1766 Flavii
328 1709 431 1766 Sabini
462 1712 660 1782 complevere.
687 1707 758 1764 illuc
784 1709 821 1766 de
846 1707 948 1766 studiis

78 1809 161 1880 vulgi
185 1813 216 1864 et
243 1807 598 1866 minis-Germanicarum
622 1809 784 1866 cobortiurn
813 1808 959 1868 careatur·

80 1908 212 1981 Longius
237 1907 565 1980 iamprngressus-ernb
586 1925 671 1980 qua-ru
691 1914 722 1965 ut
745 1908 857 1982 regredi
886 1927 958 1981 pos-r

79 2016 123 2064 set
138 2027 145 2062 ι
167 2011 198 2062 et
212 1993 265 2064 suo
277 2006 396 2086 quisque
411 2014 499 2075 metu,
513 2025 551 2066 ne
572 2006 718 2074 disiectos,
744 2025 837 2082 eoque
851 2009 946 2068 minus

79 2106 205 2171 validos,
231 2106 392 2166 Vitelliani
403 2111 666 2173 consectarentur,
698 2113 887 2166 cunctantem
914 2109 945 2166 in

77 2204 159 2264 arma
173 2204 382 2277 inpellebantl
407 2207 476 2272 Sed,
499 2207 574 2280 quod
597 2205 629 2264 iu
644 2206 786 2264 eiusmodi
797 2208 884 2264 rebus
898 2219 956 2264 rao-¹

76 2304 162 2370 cidit,
182 2304 337 2362 consilinm
364 2307 402 2362 ab
423 2305 556 2362 omnibus
580 2307 680 2362 datum
703 2309 758 2372 est,
782 2305 943 2377 periculum

74 2402 165 2477 pauci
177 2419 334 2475 sumpsere.
358 2403 465 2462 'circa
479 2406 575 2462 lacum
591 2403 739 2466 Fundani,
763 2403 944 2468 descenden-

75 2503 162 2570 tibus,
184 2501 234 2576 qui
249 2501 390 2560 Sabinum
403 2502 626 2569 comitabantur,
654 2501 772 2560 armatis
787 2505 944 2558 occurrunt

72 2599 283 2675 promptissimi
298 2601 532 2666 Vitellianorum.
573 2601 725 2662 Modicum
738 2602 780 2665 ibi
792 2601 942 2676 proelium,

72 2699 226 2774 inproviso
249 2703 382 2770 tumultu,
409 2703 461 2760 sed
485 2719 655 2776 prosperum
681 2701 853 2761 Vitellianis
875 2701 950 2762 tuis·

76 2800 214 2868 Sabinus,
241 2817 272 2858 re
287 2801 510 2877 trepida„quod
539 2801 712 2860 tutissimum
738 2819 756 2858 e
783 2803 940 2876 praesenti·

60 2901 135 2967 'bun
149 2915 248 2958 arcem
262 2899 397 2972 capitolii
409 2899 517 2958 insedit
537 2899 633 2958 milite
646 2906 678 2958 et
704 2901 873 2976 quibusdam
888 2903 940 2961 Se·

72 3004 209 3058 natorum
223 2997 435 3074 Bqultnmqne:
456 3015 575 3075 quorum
599 2999 717 3058 nomina
736 3001 848 3058 tradere
862 3003 938 3060 baud

71 3103 238 3186 promptum
261 3103 315 3166 est,
329 3099 473 3173 quoniam,
490 3100 610 3158 'victore
634 3099 827 3174 Vespasiano,
854 3100 938 3158 multi

71 3199 103 3258 id
131 3179 267 3284 meritura
292 3214 370 3276 ¹erga
392 3195 502 3280 ¹partrn
533 3199 720 3257 simulavere.
780 3197 937 3258 subierunt

71 3297 219 3355 obsidium
232 3295 322 3374 etiarn
350 3296 494 3368 semiuae3
513 3297 590 3354 inter
603 3315 673 3372 quas
699 3297 827 3354 maxims
848 3295 936 3366 insig-

68 3395 116 3454 nis
130 3395 282 3456 Verulana
304 3395 440 3466 Gratilla,
459 3413 552 3470 neque
564 3395 679 3465 liberos,
701 3383 795 3466 neque
821 3389 934 3464 propin·

107 3511 182 3554 von.
202 3512 239 3554 ιι.
415 3521 422 3527 -
497 3495 533 3548 27
