2114 3830
16 125 17 174 t
93 135 165 204 348
393 151 646 204 arenonrnnvn
812 160 843 204 a.
858 153 889 202 v.
903 145 952 204 aar

92 326 177 370 verra
192 308 349 368 Germania
363 311 532 376 exterrebat,
547 309 687 368 societate
708 306 893 366 nobilissimis
911 307 957 364 ab

92 410 187 468 ridunr
215 410 335 466 firmata.
377 410 441 476 lite,
469 416 501 466 ut
527 411 630 482 cuique
651 409 823 480 proximum,
847 411 958 462 ‘varin

93 509 138 566 ‘ri
153 507 246 564 Vbios
261 509 474 582 'l'reveroaque‚
498 513 528 564 et
542 508 629 564 eiiam
644 523 760 564 manum
777 506 889 562 Mosam
902 519 958 560 anr-

92 615 181 664 ‘nern
199 605 338 672 transire:
366 607 455 674 iubet,
469 611 517 662 ‘ut
543 605 697 677 Menapios
721 613 751 662 ct
777 603 906 662 Morinos
929 606 959 658 et
1040 675 1041 678 Ἴ

93 711 243 764 ‘extrema
277 704 438 762 Gatiiarunr
469 702 618 778 quateret?
679 706 776 762 Actae
811 704 957 774 utrobique

93 806 237 878 praedae3
259 803 389 860 intestine
403 804 433 858 io
456 802 551 866 Vbiis,
565 804 641 876 quod
665 819 738 880 gens
765 801 956 858 Germanicae

93 904 224 977 originis,
248 903 359 958 eiurata
383 901 484 973 putria,
499 901 694 958 Romanorum
716 917 832 966 nomeu,
857 895 956 974 Agrip-

90 1001 228 1078 pinenses,
257 1009 438 1057 vocarentur.
492 1000 605 1056 Caesae
632 1000 767 1057 cobortes
795 1015 901 1064 eorum,
926 995 955 1052 in

94 1101 164 1160 vico
192 1100 374 1164 Marcoduro,
408 1097 579 1156 incuriosius
606 1104 736 1170 ageratos,
764 1098 833 1170 quia
864 1095 956 1170 procur

94 1203 155 1275 ripa
175 1205 303 1282 aberant.
346 1203 411 1257 Nec
436 1201 572 1272 quievere
600 1201 683 1267 Vbii,
710 1201 864 1274 quominus
884 1213 956 1271 prae·

93 1303 146 1357 das
166 1318 183 1356 e
209 1299 368 1356 Germania
389 1306 539 1371 peterent:
561 1299 653 1372 primo
679 1299 800 1370 inpune,
821 1298 888 1354 dein
906 1295 956 1352 cir·

94 1398 244 1458 cumventi
272 1407 357 1465 sunta
388 1415 440 1469 uer
465 1414 552 1454 omne
578 1397 608 1454 id
637 1399 745 1454 beilum
772 1397 891 1453 meliore
914 1393 955 1452 arei

93 1498 160 1564 fide,
193 1513 279 1572 quana
311 1497 433 1552 fortuna.
494 1497 632 1554 Goutueia
659 1496 755 1562 Vbiis,
781 1496 897 1569 gravier
926 1496 954 1550 et

94 1613 230 1654 successu
244 1613 337 1654 rernm
361 1594 484 1652 ferocior
506 1595 624 1660 Civilis,
644 1594 789 1651 obsidium
817 1594 955 1667 legionum

94 1698 232 1769 urgebat:
264 1694 385 1752 intentis
409 1693 558 1758 custodiis,
584 1711 621 1750 ne
645 1693 709 1767 quia
736 1696 870 1750 occuitus
895 1707 957 1748 nnn·

95 1792 151 1850 tius
166 1792 311 1850 venientis
332 1793 434 1848 auaiiii
449 1799 622 1864 penetraret.
665 1792 822 1848 Maeniana
848 1793 958 1847 motem·

64 1915 68 1924 ·
94 1907 149 1965 qne
162 1907 281 1962 operum
296 1891 418 1948 Batavis
440 1891 574 1964 detegat:
597 1889 852 1956 Transrhenanos,
867 1898 958 1961 ‘proe-

95 1986 194 2045 ‘tium'
209 1987 365 2060 porcentis,
378 1993 386 2021 ‘
397 1990 433 2046 ad
447 1989 638 2046 scindendum
654 1989 763 2044 vatium
788 1988 844 2052 ire,
872 1990 961 2044 detra-

97 2093 219 2162 ‘roaque
254 2087 449 2160 redintegrare
483 2085 651 2152 certamen?
677 2086 775 2154 iubet3
810 2088 960 2159 superante

98 2185 326 2244 multitudineet
354 2184 434 2242 taciti
454 2185 569 2242 damno.
591 2201 646 2242 nec
673 2185 760 2242 tinem
786 2184 879 2241 labori
907 2199 963 2240 noa

46 2286 88 2344 29
100 2285 213 2344 adtulit.
273 2285 429 2358 congestis
456 2284 567 2342 circum
589 2284 675 2358 tignis
703 2284 906 2358 accensisque,
931 2281 965 2338 ei·

100 2385 159 2440 naui
174 2383 379 2456 epulantea,ut
406 2383 525 2456 quiaque
552 2381 622 2438 vino
644 2381 814 2447 incaluerat,
841 2381 880 2437 od
902 2397 965 2453 pug-

100 2499 168 2540 nem
196 2481 359 2538 temeritato
386 2480 465 2536 inani
490 2480 662 2536 serebantur.
705 2479 966 2552 Quippeipsorum

100 2583 161 2638 teia
174 2597 226 2654 per
238 2581 370 2638 tenebrae
386 2595 477 2635 vana:
500 2578 624 2634 Romani
645 2577 832 2650 conspicuam
862 2577 966 2633 Barba·

100 2696 194 2736 sorum
209 2679 311 2746 aciem,
325 2683 364 2744 et,
384 2677 486 2752 siquis
507 2677 629 2734 audacia
643 2682 692 2732 aut
707 2675 870 2749 insignibus
890 2673 966 2732 etint-

101 2797 182 2854 gens,
196 2780 232 2836 ad
247 2768 337 2834 ictnnr'
357 2778 551 2834 destinabant.
593 2777 780 2832 Intellectum
799 2773 831 2830 id
857 2769 965 2832 vivut:

101 2883 141 2944 et,
165 2877 324 2933 ‘restincto
337 2875 415 2948 igne,
428 2875 544 2932 misceri
558 2880 663 2931 cuncta
679 2873 805 2930 tenebris
820 2879 850 2930 et
865 2872 967 2941 armie,’

101 2976 190 3032 iubet.
232 2973 311 3031 'l'urn
338 2989 409 3029 vero
435 2973 571 3046 strepitus
595 2973 715 3039 dissoni,
741 2989 827 3028 maus
854 2972 967 3039 incerti,

102 3091 196 3148 neque
210 3071 342 3138 feriendi,
357 3089 450 3146 neque
464 3071 632 3128 declinandi
645 3070 838 3143 providentia.
880 3071 965 3129 Vnde

102 3175 212 3228 ctamor
232 3169 387 3234 acciderat,
410 3169 607 3243 circumagere
630 3185 760 3241 corpora,
782 3171 904 3228 tendere
926 3189 966 3228 ar

101 3285 171 3324 cus:
194 3268 266 3324 nihii
281 3267 416 3338 prodesse
431 3265 532 3328 virtus,
552 3266 608 3323 sors
623 3276 730 3324 cuncta
751 3271 875 3337 turbare,
886 3276 916 3326 et
929 3270 967 3344 ig·

100 3379 241 3422 navorum
263 3379 351 3436 saepe
373 3362 437 3418 tetis
458 3363 607 3422 fortissimi
631 3368 747 3424 cadere.
790 3369 880 3444 Apud
901 3370 967 3429 (ier
