2100 3834
81 211 206 261 acro.
340 211 409 258 ura.
435 211 481 259 rr.
533 211 610 260 oar.
639 189 695 258 16.
717 189 773 258 17.
875 189 951 260 339

81 367 117 422 ad
151 369 330 438 postremum
362 367 566 440 gubernatores
601 365 858 439 Centurionesque‚
892 361 950 420 nisi

79 466 185 522 eadem
206 467 349 527 volentes,
371 465 525 531 trucidant,
544 465 638 522 donee
664 465 800 523 universa
830 467 950 538 quatuor

82 568 113 620 et
147 563 263 636 viginti·
280 565 399 622 navium
419 565 522 620 otasais
546 563 746 637 transfugeret,
766 568 814 619 aut
834 577 950 634 capere·
1046 569 1047 600 t

81 667 136 718 tur.
194 663 283 718 cun
310 679 346 718 ea
371 661 493 718 victoria
517 662 548 719 iu
576 680 723 736 praeseus,
750 657 1001 732 inposterumlt'
1046 653 1047 720 t

78 761 169 818 usui:
194 778 328 835 armaque
359 768 388 819 et
416 779 517 830 naves,
543 763 644 838 quibus
659 764 838 836 indigebant,
865 763 950 835 adep·

79 859 114 926 ti,
148 875 254 932 magua
288 877 339 932 per
359 860 531 924 Germanias
566 861 734 936 Galliasque
758 861 843 926 tama,
869 857 951 916 tiber·
1046 867 1047 896 t

78 955 150 1014 tatis
171 963 298 1014 neumas
317 961 546 1016 celebrabantur.
588 960 764 1018 Germaniae
789 960 885 1016 statim
900 959 951 1016 mi·
1046 959 1047 962 ’

78 1075 145 1114 sere
178 1059 297 1132 togatos,
326 1057 435 1114 auritio
456 1057 618 1114 offerentes.
670 1045 830 1116 (iattiarum
860 1058 952 1114 socie·

78 1154 307 1212 tatem.Civitis
330 1160 392 1212 arte
416 1155 556 1229 donisque
583 1157 758 1222 adteutabat,
779 1162 879 1230 eaptus
903 1171 952 1214 na·

79 1255 208 1312 hortium
232 1255 399 1312 Praefectos
420 1273 485 1312 suaa
499 1255 530 1312 in
544 1255 681 1312 civitates
693 1257 883 1314 remittendo:
904 1274 952 1315 eo·

81 1354 224 1419 hortibus,
252 1354 341 1420 abire,
355 1371 393 1410 au
420 1371 538 1410 mouere
561 1357 689 1420 manent,
709 1357 777 1412 data
798 1361 950 1428 potestate.
1045 1411 1047 1428 ⁴

80 1453 270 1510 manentibus
298 1454 438 1510 honorata
465 1452 587 1520 mititia;
608 1453 838 1525 digredientibus
858 1454 952 1525 spotia
1046 1457 1047 1462 ’

82 1551 283 1608 Romanorum
316 1551 517 1608 offerebantur.
559 1551 651 1608 Simul
674 1551 795 1607 seeretis
815 1551 952 1608 sermoni·

81 1651 135 1706 bus
160 1651 336 1706 admonebat
351 1656 359 1682 ‘
372 1651 521 1714 matorum,
542 1667 615 1723 quae
637 1653 680 1705 tot
707 1647 791 1704 anuis
815 1647 952 1720 perpessi,

82 1748 241 1804 ‘miseram
263 1747 431 1804 servitutem
456 1748 528 1804 iatso
549 1763 651 1820 paoem
677 1753 824 1804 reuerent.
865 1747 953 1805 Bata·
1039 1799 1042 1807 .

82 1853 168 1912 tvos,
192 1863 363 1919 quamquam
385 1845 553 1903 tributorum
574 1852 718 1918 expertes,
745 1863 823 1903 arma
850 1853 953 1905 eontra

82 1951 90 1979 ‘
104 1959 277 2002 communes
284 1935 416 2000 dominos
424 1944 546 2016 cepisse.
558 1945 649 2018 prima
656 1944 720 2001 soie
731 1944 821 2002 tusum
831 1946 953 2004 vietum-

85 2049 163 2116 ‘que
186 2043 357 2098 Romanum.
383 2039 474 2116 quid?
507 2043 533 2098 si
558 2043 674 2100 Galliae
701 2043 797 2118 iugum
821 2041 954 2103 exuant?
1046 2117 1047 2120 Ἴ

80 2145 87 2175 ‘
106 2140 292 2214 quantumin
308 2141 395 2198 ltalia
410 2139 571 2215 reliquum?
585 2143 798 2214 provinciarum
812 2146 954 2216 sanguiue

85 2238 273 2312 ‘provincias
289 2239 379 2296 vinei.
395 2257 433 2296 ne
446 2239 586 2297 Vindicis
598 2239 692 2298 aciem
706 2241 877 2314 cogitarent.
898 2241 955 2296 Ba·

84 2343 179 2394 ‘tavo
192 2336 288 2409 equite
298 2337 432 2408 protritos
452 2339 569 2394 Aeduos
584 2341 798 2412 Arvernosque.
814 2339 899 2394 tuisse
910 2337 954 2394 in·

85 2441 153 2491 ‘ter
166 2435 302 2507 Verginii
317 2435 426 2491 auritis
450 2436 557 2509 Belgas
572 2457 578 2491 ι
601 2454 726 2510 vereque
747 2435 954 2508 reputantium

82 2540 89 2565 ‘
107 2532 239 2590 Gattiam
254 2533 374 2590 suismet
388 2533 497 2590 viribus
511 2535 683 2592 coneidisse.
726 2535 754 2590 N
758 2551 814 2593 uno
836 2537 954 2593 easdem

86 2629 236 2688 ‘omnium
261 2636 365 2701 partes,
385 2631 497 2697 addito,
524 2633 548 2688 si
566 2633 640 2706 quid
669 2633 801 2690 militaris
828 2634 957 2707 discipti-

84 2737 161 2785 ‘nae
175 2727 206 2783 in
220 2727 321 2784 eastris
336 2728 529 2786 Romanorum
557 2730 689 2804 viguerit.
710 2749 775 2788 esse
791 2749 889 2789 seeum
906 2751 955 2790 ve·

86 2831 222 2883 ‘terauas
236 2826 379 2892 cohortes,
392 2827 493 2901 quibua
506 2845 597 2900 nuper
611 2829 734 2886 Othonis
749 2829 879 2904 legiones
895 2849 958 2903 pro·

85 2923 271 2982 ‘erubuerint
314 2925 465 2981 Servireut
477 2925 563 2998 Syria
577 2926 704 2999 Asiaque
719 2933 748 2984 et
762 2935 858 2986 suetus
871 2931 957 3006 Regi-

86 3025 160 3096 ‘bus
176 3021 300 3078 Oriens:
321 3025 425 3080 multos
448 3025 543 3081 adhue
565 3025 596 3081 iu
622 3024 721 3082 Gallia
748 3027 860 3096 vivere,
887 3036 958 3086 ante

119 3194 207 3241 Multas
221 3194 294 3240 adhuc
307 3195 334 3240 in
349 3195 434 3256 Gallia]
465 3196 537 3242 Caute
554 3195 607 3244 vide
622 3197 690 3256 legar.
722 3198 746 3245 Si
764 3199 822 3246 euim
840 3201 869 3246 de
886 3200 958 3259 primu

87 3253 199 3303 servitute
207 3257 231 3298 et
241 3253 359 3312 stipendio,
369 3255 429 3314 quod
438 3255 523 3301 Caesar
532 3255 646 3316 imposuit,
655 3272 681 3302 ca
698 3256 722 3306 is.
733 3258 834 3316 capieris.
846 3259 960 3317 quomodo

89 3313 151 3358 euim
161 3325 216 3356 vera
225 3311 279 3356 baec
289 3312 393 3367 adsertio,
410 3329 459 3359 eum
475 3313 502 3359 ab
512 3328 539 3360 eo
554 3323 653 3382 ternpore
664 3271 696 3359 util
708 3317 764 3359 bnne
774 3315 842 3368 diem,
852 3315 903 3360 anui
913 3315 959 3361 sint

27 3387 31 3392 ·
90 3371 152 3420 inter
160 3370 208 3414 sere
217 3369 305 3418 cxii?
319 3384 359 3416 nee
370 3376 415 3418 tam
426 3372 516 3426 vitales,
531 3377 553 3417 ut
570 3387 655 3430 oprnor,
672 3378 724 3417 tunc
735 3372 802 3416 nostri
812 3371 881 3416 Galli.
913 3375 958 3420 Sed

91 3429 122 3480 tad
142 3431 265 3488 Augustum
284 3429 472 3489 eiusque'aevuur
492 3431 514 3476 id
540 3431 617 3476 reterri
637 3429 709 3474 verius
728 3429 787 3474 erit:
812 3429 850 3488 qui
869 3443 959 3476 censum
