2158 3820
92 101 161 228 sc.
179 182 218 228 ca.
319 176 390 226 urs.
407 177 480 226 xrv.
533 175 610 226 oar.
628 152 799 226 tid-62.
921 160 970 228 43
1035 147 1038 155 ’

94 331 173 400 Quae
182 345 306 407 'semper
318 333 398 402 odio,
420 338 482 391 turn
496 336 527 390 el
549 341 627 392 metu
646 341 740 402 atrox,
764 352 802 394 ne
822 337 873 392 aut
887 333 970 409 vulgi

93 433 184 490 serior
211 433 259 490 vie
286 433 444 509 ingrueret,
468 439 518 492 aut
547 435 626 492 Nero
650 433 845 494 inclinatione
869 433 970 509 populi

94 538 261 599 mutaretur,
292 535 447 606 provoluta
475 533 596 610 genibus
621 534 703 600 eius;
731 535 819 590 ‘Non
846 551 883 591 eo
910 532 970 591 loci
1062 526 1063 534 ’

96 635 159 688 ‘res
172 650 240 690 suas
255 632 313 707 egi,
329 641 360 690 ut
374 633 410 689 de
425 633 611 692 matrimonio
632 638 726 690 cerlet
739 629 924 710 (quamquam
939 633 970 691 id

97 729 170 788 ‘sibi
197 733 263 789 rita
290 730 400 810 potius)
427 735 478 789 sed
507 733 599 792 vitam
626 735 720 806 ipsam
749 735 780 792 in
808 743 971 792 extremum

97 831 269 888 ‘adductam
297 849 316 888 a
339 831 488 889 clientelis
508 839 539 888 et
562 833 691 890 servitiis
718 833 874 899 Octaviae,
896 850 969 907 quoe

101 929 212 1001 ‘plebis
247 930 304 987 sibi
331 947 440 988 nomen
467 931 638 1000 indiderint,
668 951 704 990 ea
731 934 763 992 in
790 951 863 1008 pace
897 933 970 1001 ausi,
1062 963 1063 970 κ

100 1031 189 1102 ‘quae
215 1029 270 1087 vis
304 1032 383 1088 bello
410 1031 575 1089 evenirent.
630 1035 720 1092 Arma
750 1033 802 1090 illa
829 1035 969 1090 adversus

100 1129 285 1205 ‘Principem
315 1138 446 1205 sumpta:
481 1135 586 1192 ducem
613 1137 726 1192 tantum
747 1133 892 1202 doluisse3
911 1132 970 1208 qui,

100 1232 325 1299 ‘motis-rebus,
354 1232 442 1290 iacile
467 1233 647 1306 reperiretur.
699 1235 855 1292 Omilleret
883 1235 970 1292 modo

99 1330 320 1403 ‘Campaniam
335 1339 364 1390 el
385 1331 416 1388 in
431 1335 534 1390 urbem
549 1333 641 1406 ipsum
663 1339 805 1407 pergeret,
825 1335 862 1390 ad
886 1333 970 1391 cuius

99 1421 215 1490 ‘nutum
230 1433 361 1490 absentis
376 1436 515 1492 turnultus
533 1433 687 1491 cierentur.
731 1435 816 1506 Quod
840 1413 970 1508 alioquin

100 1528 197 1584 ‘suum
231 1525 398 1586 delictum?
431 1545 517 1604 quam
550 1531 719 1604 cuiusquam
753 1525 971 1586 offensionem?

100 1621 182 1690 ‘Am
212 1624 282 1697 quia
307 1641 406 1682 veram
435 1624 602 1697 progeniem
627 1625 788 1682 Penatibus
813 1624 973 1682 Caesarum

100 1723 218 1780 ‘datura
250 1723 299 1790 sit,
334 1725 421 1780 malle
457 1725 601 1796 Populum
639 1725 804 1790 Romanum
840 1721 971 1780 tibicinis

98 1821 261 1896 ‘Aegyptii
303 1823 433 1880 subolem
470 1824 659 1896 imperatorio
693 1823 809 1898 lastigie
845 1819 969 1882 induci?

101 1921 263 1996 ‘Denique
282 1921 308 1979 si
322 1923 351 1978 id
374 1927 459 1980 rebus
479 1921 634 1990 conducat,
657 1924 761 1989 libens,
782 1940 867 1997 quarn
885 1939 971 1980 coac·

100 2003 171 2088 ‘tun
185 2021 295 2080 acciret
309 2023 466 2090 dominam,
483 2025 528 2080 rel
544 2025 709 2082 consuleret
729 2021 879 2082 securitati
893 2021 970 2078 iusta

102 2122 238 2180 ‘ultione
281 2121 320 2178 Et
341 2122 465 2180 modicis
488 2123 624 2180 remediis
652 2123 759 2203 primus
783 2127 877 2180 motus
901 2137 971 2178 con·

101 2221 248 2278 ‘sedisse:
267 2225 314 2289 al,
347 2223 373 2278 si
400 2223 557 2294 desperent
592 2237 712 2278 uxorem
748 2223 875 2278 Neronis
909 2219 969 2276 lore

102 2321 287 2388 ‘Octaviam
298 2321 344 2378 illi
359 2323 492 2378 maritum
507 2319 643 2378 daturos)
683 2319 791 2378 Varius
814 2335 919 2384 sermo,
941 2321 970 2374 el
982 2307 1024 2364 62

101 2421 138 2477 ad
157 2427 266 2478 metum
287 2426 375 2495 elque
398 2420 470 2477 iram
493 2420 739 2484 accommodatus,
759 2417 861 2474 terruit
886 2417 972 2476 simul

100 2520 268 2578 audientem
281 2523 313 2578 et
325 2519 471 2576 accendit.
515 2520 576 2578 Sed
591 2535 691 2590 parurn
711 2519 829 2574 valebat
844 2517 973 2588 suspicio

98 2619 129 2678 in
158 2633 256 2686 servo,
287 2623 318 2676 et
344 2617 561 2693 quaestionibus
588 2617 763 2674 ancillarum
789 2615 869 2674 elusa
898 2620 970 2676 erat.

100 2716 406 2792 Ergoconlessionem
420 2717 542 2776 alicuius
558 2715 657 2791 quaeri
687 2719 793 2790 pulsem,
814 2716 862 2774 cui
877 2733 971 2772 rerum

99 2834 211 2894 quoque
240 2833 382 2874 novarum
415 2818 527 2874 crimen
561 2816 763 2890 adtingerelnr.
824 2813 863 2870 Et
890 2815 971 2870 visus

99 2915 221 2974 idoneus
240 2921 400 2974 maternae
435 2915 516 2974 necis
544 2921 680 2989 patrator,
704 2914 857 2976 Anicetus,
884 2912 972 2970 classi

99 3017 176 3090 apud
198 3013 357 3081 Misenum,
382 3021 412 3071 ul
432 3013 601 3084 memoravi,
624 3012 802 3080 Praefectus,
824 3012 886 3069 levi
908 3015 974 3084 post

100 3115 259 3174 admissum
286 3117 383 3174 scelus
408 3114 511 3188 gratia,
537 3113 607 3170 dein
634 3111 768 3186 graviore
790 3111 875 3167 odio:
905 3107 973 3181 quia

99 3217 264 3273 ‘malornm
278 3194 440 3272 sucinorum
460 3211 583 3271 ministri
605 3211 685 3285 quasi
702 3212 910 3280 exprobrantes
924 3207 974 3262 ad-

99 3309 303 3386 ‘spiciunlon’
356 3311 448 3391 lgigrr
472 3311 599 3368 accitum
624 3326 690 3366 eum
713 3301 825 3361 Caesar
848 3301 976 3370 ‘oprerae
1062 3371 1063 3376 η

99 3409 235 3488 ‘prioris’
251 3433 256 3442 ·
269 3411 429 3470 admonet:
462 3409 577 3470 ‘solum
603 3399 801 3462 incolumitati
830 3393 979 3462 Principis
