2100 3834
23 167 24 174 ἵ
96 185 170 256 270
417 205 669 256 nrsronrsarm
721 205 727 214 ·
815 210 845 258 ι.
861 207 893 256 v.
910 207 960 256 am

96 361 187 422 rom
219 359 385 420 Galbianae
416 361 526 435 legioni
546 361 578 418 in
612 362 737 418 adversa
764 361 860 419 fronte
887 360 961 418 valli

96 477 167 534 opus
188 463 382 528 cesseramet'
397 459 455 518 visi
469 462 567 532 procul
592 460 736 517 sociorum
764 461 888 534 equites,
912 477 962 515 va·

96 575 164 618 nam
191 559 383 624 formidinem,
404 567 434 618 ut
457 559 563 624 bostes,
583 558 690 616 locere.
731 558 896 632 Rapiuntur
922 575 964 614 ar·
1026 571 1027 634 ι

96 675 155 726 mn,
193 665 235 726 et,
259 664 290 714 nt
312 657 484 730 proditionis
505 657 547 714 ira
568 656 692 714 militum
712 657 743 714 in
766 657 807 714 Τ.
829 659 969 730 Ampium

96 756 274 815 Flavianum
289 755 428 825 incubuit,
448 757 530 813 nullo
553 756 683 813 criminis
709 763 890 829 argumento,
910 757 962 813 sed
1026 833 1027 840 ἵ

94 855 153 912 iarn
178 857 287 928 pridem
310 853 434 918 invisus,
467 855 580 911 turbine
611 856 735 929 quodem
769 857 807 912 ad
837 855 961 912 exitium
1026 885 1027 926 p

92 939 281 1028 poscebatur:
301 954 506 1027 ‘propinquum
523 953 647 1020 Vitellii,
670 954 845 1026 proditorem
870 955 960 1012 Otho·

95 1053 172 1118 ‘nis,
208 1053 431 1124 interceptorem
465 1050 607 1109 donativi’
633 1053 834 1110 clamitabant.
895 1051 959 1108 Nec

94 1149 256 1206 detentioni
281 1152 371 1215 locus,
391 1167 561 1224 quamquam
580 1151 725 1223 supplices
740 1167 847 1208 manus
862 1151 960 1207 tende·

25 1255 44 1318 s,
93 1253 146 1313 ret,
167 1247 247 1304 humi
273 1249 450 1322 plerumque·
473 1253 586 1314 stratus,
620 1251 716 1306 lacera
740 1254 833 1316 veste,
856 1255 955 1322 pectus

93 1351 180 1420 atque
199 1363 250 1402 ora
263 1347 391 1420 singultu
419 1347 561 1422 quatiens.
582 1347 613 1404 id
627 1347 720 1420 ipsum
733 1349 809 1420 apud
831 1349 956 1405 intensos
1026 1371 1027 1374 ¹

93 1444 314 1502 incitamentum
327 1445 404 1510 erat‚'
420 1451 564 1519 tamqnam
579 1446 687 1503 nimius
709 1463 802 1518 pavor
811 1445 959 1503 conscien·
1026 1505 1027 1528 χ

94 1545 164 1602 tiam
178 1549 318 1618 argueret.
359 1543 572 1602 obturbabatur
586 1545 710 1602 militum
730 1545 853 1602 vocibus
879 1547 957 1617 Apo·
1026 1541 1027 1622 ᾗ

94 1643 190 1707 ‘nium
201 1659 267 1700 cum
281 1643 360 1716 loqui
373 1647 521 1718 coeptaret
536 1662 543 1698 ι
564 1643 679 1700 fremitu
697 1649 727 1699 et
740 1645 868 1700 clamore
882 1649 958 1700 cele·
1026 1629 1027 1712 Ῑ

93 1757 140 1798 ros
154 1742 376 1812 adspernantur:
400 1740 451 1797 uui
470 1741 600 1798 Antonio
625 1747 743 1815 apertae
757 1742 884 1799 militaro
912 1758 958 1798 au·
1026 1719 1027 1778 i

92 1855 290 1911 neonemque
316 1844 347 1895 et
369 1839 505 1896 secundia
531 1841 640 1906 aderat,
660 1841 865 1914 mulcendique
897 1841 957 1898 vul-
1026 1823 1027 1868 l

93 1951 162 2010 gum
187 1941 263 1992 artes
283 1943 315 1993 et
341 1938 506 1995 auctoritas.
557 1939 620 1994 Vbi
646 1940 817 1996 crudescere
845 1938 960 2006 seditio,
1026 1919 1027 1992 J

93 2039 124 2090 et
137 2051 155 2090 a
168 2034 313 2091 conviciis
331 2041 361 2092 et
376 2034 485 2108 probris
499 2037 535 2092 ed
549 2039 610 2093 tela
624 2041 654 2093 et
668 2055 770 2094 monus
784 2038 958 2104 transibant,
1026 2071 1027 2108 3

92 2129 172 2189 inlici
188 2139 300 2190 omenes
325 2133 572 2191 Flaviauoiubet.
616 2135 714 2192 Sensit
737 2135 894 2194 ludibrium
909 2135 959 2192 mi·
1026 2127 1027 2196 l

93 2235 146 2302 les,
166 2234 363 2308 disiectisque,
395 2235 444 2308 qui
475 2235 610 2292 tribunal
629 2239 790 2302 luebantur,
825 2242 959 2294 extrema
1026 2259 1027 2312 ι

93 2332 139 2392 via
176 2335 335 2406 parabatur.
390 2334 531 2406 Opposuit
551 2335 645 2391 sinum
674 2335 828 2402 Antonius,
855 2337 959 2392 stricto
1026 2315 1027 2334 ¹

93 2431 175 2500 terro,
193 2437 242 2488 eut
271 2429 390 2489 utilitum
407 2449 437 2488 se
458 2430 590 2488 manibus
608 2439 662 2488 cm
693 2437 764 2498 stris,
787 2433 958 2490 ntorltumtm

93 2531 261 2587 obtestans:
295 2535 326 2586 ut
354 2547 494 2604 quemque
529 2537 626 2588 notum
654 2539 684 2587 et
717 2534 814 2606 aliquo
840 2532 959 2590 militari

93 2628 198 2684 decore
231 2628 374 2701 insignem
414 2629 597 2699 adspexerat,
630 2631 665 2686 ad
694 2631 842 2690 terendam
870 2649 958 2703 open

93 2725 211 2791 nornine
225 2724 314 2781 ciens.
343 2743 410 2784 mox
422 2744 579 2784 conversus
602 2730 638 2784 ed
654 2728 749 2802 sigua,
771 2735 801 2785 et
816 2731 959 2786 bellorum

94 2823 183 2888 Deos,
211 2825 356 2882 ‘hostium
387 2826 481 2899 potius
506 2827 684 2883 exercitibus
711 2827 794 2884 illum
821 2828 958 2896 lurorem,

92 2920 194 2976 ‘illam
221 2921 394 2981 discordiam
420 2923 592 2990 iniicerent‚’
618 2928 735 2981 orabat:
757 2927 852 2982 donec
880 2925 958 2984 letis·

92 3025 172 3075 ceret
199 3020 313 3088 seditio,
332 3027 371 3087 et,
391 3029 523 3081 extremo
546 3023 604 3080 iam
624 3024 682 3091 die,
703 3043 754 3080 sue
777 3025 898 3098 quisque
924 3023 957 3081 in

92 3118 218 3174 tentoria
237 3117 439 3175 dilaberentur.
482 3121 631 3178 Profectus
650 3125 752 3179 eedem
767 3129 854 3179 nocte
891 3125 958 3180 Fla·

92 3214 206 3279 vianus,
226 3213 322 3270 obviis
336 3216 512 3288 Vespasiani
535 3221 647 3286 litteris,
667 3222 828 3279 discrimini
841 3239 959 3294 exemp·

43 3302 138 3366 lltus
165 3318 218 3367 est.
259 3311 414 3384 Legiones,
441 3319 523 3372 velut
553 3321 620 3375 tabe
644 3319 783 3387 intectae,
806 3323 958 3393 Aponium
1026 3311 1027 3338 i

95 3408 290 3476 Saturninum,
312 3408 437 3470 Moesici
447 3415 594 3478 exercitus
615 3419 769 3498 Legatum,
783 3439 820 3480 eo
833 3421 960 3480 atrocius
1026 3423 1027 3476 l
