2100 3834
60 169 135 236 280
351 189 603 238 arsroarssvss
781 193 812 238 a.
829 189 859 238 v.
876 193 932 240 ann.

62 343 156 402 Ducis
176 342 306 402 subtilius
323 361 425 410 rumor,
439 344 613 400 ‘advenisse
636 342 826 413 Mucianum
847 362 938 401 exer·

61 443 156 500 ‘citus
186 441 316 500 invicem
349 440 507 500 salutasse!
535 445 654 516 gradum
680 441 819 509 inierunt,
847 441 935 516 rpuasi

60 541 226 600 recentibus
239 541 358 598 auxiliis
371 542 467 609 aucti3
488 541 594 598 rariore
616 541 673 598 ianr
700 541 934 600 Vitellianorum

60 639 137 707 scie,
161 646 192 696 nl
211 657 290 715 quoa,
315 641 394 696 nullo
416 645 536 708 rectore,
559 657 625 696 suos
647 657 789 714 quemque
813 641 934 713 inpetus

61 741 110 796 vel
139 755 230 812 pavor
256 739 450 803 contraheret,
475 737 673 794 diduceretve.
716 739 875 813 Postquam
889 739 934 796 in·

61 839 158 911 pulsos
184 837 275 894 sensit
304 836 459 904 Antonius,
487 837 578 892 denso
601 835 718 909 agmine
744 839 930 894 obturbabat.

60 937 154 994 laxati
179 935 295 993 ordines
321 937 541 1007 abrumpuntur:
577 951 633 991 nec
661 935 773 992 restitui
801 937 931 1010 quivere,

60 1033 276 1109 inpedientibus
301 1033 444 1090 vehiculis
468 1033 682 1106 tormentisque.
724 1033 783 1090 Per
807 1035 930 1091 limitem

61 1133 129 1190 viae
155 1137 332 1206 sparguntur,
355 1133 546 1189 consectandi
569 1131 765 1201 festinatione,
790 1133 927 1191 victores.

60 1231 106 1288 no
120 1231 275 1298 notabilior
287 1233 392 1288 caedes
417 1229 479 1296 luit,
506 1231 572 1304 quia
587 1231 662 1287 iilius
688 1237 799 1304 patrem
814 1232 930 1289 inlerie·
1039 1250 1040 1290 t

60 1329 111 1388 cil.
132 1347 192 1388 reor
226 1331 409 1403 nominaque,
442 1336 561 1386 auctore
596 1329 744 1402 Vipstano
780 1330 929 1398 Messalla,
1040 1328 1041 1352 ³

60 1430 181 1487 tradam.
222 1429 313 1487 lulius
347 1429 527 1494 Mansuetus,
561 1445 599 1484 ex
631 1428 785 1500 Hispania,
816 1429 930 1503 Rapaci

61 1530 171 1606 legioni
198 1529 321 1595 additus,
354 1528 491 1601 inpubem
515 1527 607 1584 lilium
633 1527 712 1584 domi
740 1527 875 1601 liquerat.
903 1529 928 1585 is
1043 1562 1044 1576 r

61 1647 128 1687 mox
144 1629 267 1695 adultus,
290 1627 366 1684 inter
388 1627 596 1697 septimanosa
620 1625 715 1698 Galba
737 1625 930 1698 conscriptus,
1044 1640 1045 1654 ¹

60 1727 189 1785 oblatum
215 1725 287 1782 lotle
308 1729 418 1798 patrem
438 1728 467 1780 et
496 1725 615 1780 vulnere
641 1729 771 1792 atratum,
791 1727 861 1781 dum
887 1743 931 1781 se·
1045 1718 1046 1728 ’

61 1823 228 1882 minuimem
252 1828 403 1890 scrutatur,
430 1821 546 1896 agnitus
573 1839 792 1896 agnoscensque
822 1830 854 1880 et
880 1841 930 1880 ex·

60 1937 185 1994 anguem
211 1921 372 1992 amplexus,
402 1935 476 1976 voce
500 1919 591 1976 flebili
618 1923 789 1992 precabatur
815 1921 929 1994 ‘piatos

60 2018 169 2093 ‘patris
198 2017 311 2083 Manes,
335 2035 413 2075 neve
444 2035 476 2106 se
499 2023 529 2074 ut
562 2017 733 2091 parricidam
760 2035 930 2076 aversaren-

60 2123 142 2176 ‘tur:
163 2117 310 2190 pubiicum
336 2117 366 2173 id
391 2115 519 2184 lacinus3
540 2124 569 2172 et
594 2135 682 2176 unum
710 2117 834 2174 militem
862 2135 929 2192 quo·

61 2225 141 2275 ‘tam
173 2215 307 2274 civilium
327 2231 469 2272 armorum
503 2213 643 2286 parternl’
672 2215 756 2272 simul
786 2218 929 2273 adtollere

60 2333 174 2390 corpus,
206 2315 318 2388 aperire
351 2314 479 2381 humum,
512 2310 647 2386 supremo
679 2331 747 2388 erga
778 2321 930 2386 parentem

61 2415 158 2474 obicio
190 2413 280 2488 iungi.
341 2413 507 2470 Advertere
549 2411 683 2484 proximi,
715 2411 824 2469 deinde
870 2415 929 2486 plu·

62 2531 129 2570 res:
150 2514 220 2570 binc
253 2529 304 2585 per
322 2527 439 2569 ornnem
469 2510 564 2566 aciem
598 2509 767 2568 miraculum
788 2517 819 2567 et
848 2529 928 2586 ques·

61 2619 106 2668 tns
127 2620 156 2668 et
176 2611 339 2668 saevissimi
374 2609 444 2666 belli
463 2609 637 2666 exsecratio.
666 2625 722 2665 nec
750 2626 786 2664 eo
810 2611 928 2683 segnius

61 2709 245 2782 propinquos,
282 2709 401 2776 adfines,
444 2708 546 2764 iratres
580 2707 737 2763 trucidatos
777 2709 927 2779 spoliant:

13 2801 167 2866 nutantum
182 2821 245 2861 csse
259 2809 354 2862 scelus
369 2807 521 2880 loquuntur
534 2805 710 2880 iaciuntque.
751 2805 795 2861 Vt
811 2807 928 2863 Cremo·

15 2939 16 2950 κ
59 2921 127 2964 nam
150 2921 269 2970 venere,
303 2921 411 2960 novum
445 2905 665 2978 inmensumque
686 2921 758 2976 opus
791 2905 928 2961 occurrit.

60 3003 229 3062 Othoniano
253 3005 339 3067 bello,
361 3003 554 3062 Germanicus
579 3003 661 3058 miles
686 3002 838 3058 moenibus
860 3005 928 3060 Cre·

60 3095 242 3160 monensium
256 3107 351 3157 castra
366 3117 426 3166 aua,
448 3101 550 3157 castris
565 3103 673 3157 vallum
688 3101 926 3158 circumiecerat:

60 3215 151 3270 eaque
174 3197 352 3253 munimenta
377 3215 470 3253 rursus
493 3203 622 3254 auxerat.
645 3215 763 3271 quorum
787 3201 928 3271 adspectu

59 3295 179 3349 haesere
213 3292 349 3358 victores,
380 3293 500 3348 incertis
533 3295 675 3360 Ducibus,
694 3297 762 3369 quid
783 3295 926 3354 iuberent

59 3389 190 3462 incipere
203 3387 456 3463 oppugnationem,
478 3389 554 3446 lesso
573 3409 625 3464 per
648 3393 727 3452 aliern
751 3402 926 3469 noctemque
