2100 3834
116 218 235 268 nono.
361 195 432 264 nrs'.
459 217 511 264 rrr.
560 219 638 266 car.
665 201 784 267 2.-.4.
907 199 980 270 265
1041 189 1042 192 “

113 371 195 446 ‘qnid
209 374 335 428 tractum
349 369 379 426 in
394 377 535 428 aestatem
555 372 643 430 eiiam
658 369 791 431 beilum?
812 374 887 432 unde
908 373 980 434 inte·

111 468 179 526 ‘rim
205 470 362 544 pecuniam
391 475 421 526 et
448 467 647 528 commeatus?
709 471 787 544 Quin
815 473 911 546 potius
940 491 976 531 eo

111 567 188 641 ‘ipso
202 575 361 634 uterentur,
377 568 452 646 quod
467 567 656 624 Pannonicae
671 569 811 644 legiones,
834 571 976 644 deceptae

110 669 228 741 ‘magis,
258 683 345 741 quam
371 665 480 731 victae,
501 683 650 740 resurgere
670 667 701 724 in
716 668 859 726 ultionem
881 685 978 742 prope·

108 763 207 823 ‘rent:
232 765 358 822 Moesici
385 765 530 822 exercitus
556 767 683 838 integras
705 767 783 823 vires
811 765 977 824 adtulerint·
1041 749 1042 752 Ἴ

107 865 159 920 ‘Si
174 881 312 922 numerus
332 865 456 920 miiitum
477 863 581 936 potins,
606 881 691 938 qnam
713 855 977 942 legionum,’npute·

106 968 177 1038 ‘tuq
193 967 257 1036 pins
272 963 342 1020 hinc
357 962 473 1031 roboris,
502 961 576 1018 nihil
601 962 770 1020 libidinum:
791 968 821 1020 et
836 963 976 1036 profuisse

105 1061 298 1134 ‘disciplinae
312 1061 405 1134 ipsum
428 1061 575 1132 pudorem.
615 1060 736 1134 Equites
762 1077 832 1118 vero
853 1079 889 1118 ne
915 1067 976 1118 tum

105 1161 242 1234 ‘quidem
277 1159 391 1228 victos3
425 1160 486 1224 sed,
520 1175 692 1232 quemquem
721 1162 805 1218 rebus
833 1161 975 1228 adversis,

105 1259 278 1316 ‘disiectam
291 1257 408 1314 Vitellii
432 1256 536 1313 eciem.
579 1257 663 1315 Duae
689 1263 758 1316 tunc
784 1259 973 1317 Pannonicae

101 1365 157 1416 ‘ec
173 1357 324 1414 Moesicae
351 1358 415 1412 atne
440 1371 593 1427 perrupere
614 1355 747 1413 hostem:
769 1373 846 1416 nunc
870 1359 973 1416 sexde-

67 1501 75 1518 .
103 1458 181 1514 ‘cim
191 1459 301 1514 siarum
312 1454 469 1511 coniuncte
482 1454 576 1528 signo,
586 1456 667 1525 putsu
678 1456 840 1530 sonituque,
853 1461 883 1512 et
896 1457 973 1514 nube

96 1556 187 1628 ‘ipsa
203 1554 337 1626 operient
364 1569 400 1608 ac
428 1552 636 1624 superfundent
664 1552 770 1610 oblitos
799 1553 972 1625 proeliorum

102 1655 234 1728 ‘equites
262 1669 414 1726 equosque.
456 1650 524 1706 Nisi
547 1651 611 1725 quis
634 1649 751 1717 retinet,
773 1650 851 1708 idem
875 1667 979 1708 suasor

101 1757 280 1824 ‘auctorque
310 1749 425 1806 consilii
453 1765 512 1805 ero.
564 1749 638 1815 Vos,
665 1748 767 1823 quibus
794 1749 907 1808 fortune
939 1749 971 1809 in

101 1852 237 1924 ‘integro
268 1854 321 1916 est,
349 1848 479 1922 tegiones
511 1846 677 1904 continete:
712 1847 784 1922 mihi
814 1847 970 1922 expeditae

100 1951 258 2007 ‘cohortes
272 1947 427 2004 sufficient.
469 1947 531 2002 lam
548 1952 701 2003 reserarem
727 1947 850 2014 italiam,
877 1949 970 2022 inpui-

100 2053 167 2106 ‘sas
183 2045 303 2103 Vitellii
330 2063 375 2102 res
402 2043 535 2100 audietis.
558 2045 669 2101 iuvabit
689 2047 772 2120 sequi
791 2052 821 2104 et
836 2047 968 2122 vestigiis

99 2145 271 2204 ‘vincentis
297 2140 457 2200 insistere!
511 2143 595 2199 Haeo
622 2147 707 2218 atque
731 2144 811 2212 tatis,
845 2143 1000 2218 degrans3

98 2245 202 2310 ocutis,
226 2243 301 2299 truci
322 2257 405 2310 voce,
432 2257 489 2315 quo
503 2241 589 2298 iatius
616 2243 768 2311 audiretur,
792 2238 915 2318 (etenim
937 2261 968 2304 se

98 2342 294 2404 Centuriones
309 2339 467 2414 etquidem
481 2341 605 2398 miiitum
631 2340 756 2398 consilio
780 2337 970 2418 miscuerant)

95 2443 137 2502 itu
149 2441 263 2508 effudit,
277 2446 308 2497 ut
322 2445 421 2496 cautos
441 2455 602 2514 quoquere
617 2439 753 2512 providos
778 2444 969 2518 permoveret,
1041 2487 1042 2496 ,

98 2545 204 2616 vulgus
219 2544 249 2596 et
263 2538 462 2608 cetariorum
475 2535 567 2596 uirum
594 2537 758 2612 Ducemqne,
780 2541 876 2610 spreta
900 2535 967 2594 aiio

97 2655 161 2694 narn
174 2631 306 2710 segnitia,
327 2634 458 2692 laudibus
479 2635 595 2691 terrent.
637 2635 723 2692 Hanc
744 2636 788 2690 sui
812 2634 917 2692 tamam
932 2653 967 2694 ee

96 2737 195 2794 statim
211 2733 355 2791 concione
369 2739 576 2800 commoverat,
590 2750 655 2806 qua,
668 2732 797 2790 recitatis
812 2734 966 2809 Vespasia·

97 2835 128 2893 ni
143 2833 285 2908 epistolis,
306 2850 374 2899 non,
396 2835 427 2888 nt
451 2831 588 2904 plerique,
610 2833 723 2889 incerta
744 2833 886 2903 disseruit,
908 2837 965 2894 huc

96 2935 167 2992 iiiuc
190 2937 332 2991 tracturus
359 2929 636 3003 interpretationem,
657 2936 738 3003 prout
759 2933 967 3002 conduxisset;

95 3037 196 3105 aperte
209 3028 395 3086 descendisse
413 3029 445 3085 in
459 3045 591 3086 caussam
607 3028 777 3086 videbatur:
798 3049 888 3106 eoque
902 3051 963 3106 gra-

97 3130 152 3188 tior
166 3129 306 3185 mititihus
321 3133 391 3193 erat,
405 3129 508 3199 cuipas
524 3127 571 3182 vei
596 3127 703 3200 gioriae
718 3128 821 3186 socius.
864 3129 994 3196 Proui-4

7 3273 8 3280 ,
97 3245 143 3286 ma
154 3226 290 3284 Cornelii
304 3226 393 3283 Fusci
408 3224 605 3282 Procuratoris
619 3226 784 3282 auctoritas.
806 3226 830 3281 is
842 3245 962 3300 quoque,

97 3327 289 3384 inclementer
309 3323 340 3381 in
354 3321 508 3380 Vitellium
533 3323 637 3381 invehi
663 3325 774 3387 solitus,
800 3323 873 3378 nihii
900 3322 964 3394 spei

97 3425 152 3482 sibi
165 3425 243 3480 inter
256 3424 379 3480 adversa
393 3422 554 3494 reliquerat.
596 3421 686 3476 Titus
701 3416 824 3484 Ampius
845 3416 962 3470 Flavia·

135 3539 208 3578 vora.
229 3539 264 3577 rr.
541 3518 578 3567 23
589 3511 607 3546 ⁴*
