2100 3834
68 217 141 268 ue.
158 219 196 265 re.
288 216 359 263 uua.
386 215 431 263 rr.
482 215 561 263 cna.
587 195 755 263 att-22.
865 199 937 266 34³

70 369 221 428 exercitus
235 369 345 436 ductor,
359 368 542 428 sedconsilii
570 371 719 443 ambiguus
743 373 773 426 at
802 369 861 428 vim
884 371 940 430 Ro·

69 486 189 528 manam
212 474 356 540 reputans,
385 475 515 532 cunctos,
549 468 751 542 quindenam,
785 469 816 526 iu
853 471 941 528 verbu

75 566 259 639 Vespasiani
280 567 390 640 adigit:
413 568 555 641 mittitque
577 567 686 641 legatos
707 569 742 623 ad
762 569 833 626 duas
854 568 940 640 legio·

67 685 134 732 nes,
167 684 251 740 quae,
286 666 378 738 priore
406 667 470 722 acie
505 667 613 738 pulsae,
640 665 671 722 iu
702 666 811 723 Vetera
843 677 941 724 castre

65 769 287 828 concesserant,
323 771 368 820 ‘ul
398 763 475 822 idem
509 771 723 825 sacramentum
753 763 940 838 acciperent?

66 863 216 922 Redditur
230 879 407 934 responsum,
424 871 431 894 ‘
447 881 538 935 neque
554 864 715 934 proditoris,
739 883 831 936 neque
853 865 941 924 hosti-

66 966 135 1020 ‘um
151 978 183 1016 se
198 951 330 1016 consiliis
345 960 395 1018 uli.
437 959 509 1018 Esse
523 961 579 1018 sihi
595 962 747 1018 Vitellium
766 961 942 1032 Principem,

65 1067 214 1134 ‘proquo
228 1061 313 1116 fidem
327 1066 357 1115 et
368 1078 447 1117 arms
462 1078 549 1134 usque
566 1063 602 1118 ael
623 1079 785 1130 supremum
810 1063 942 1134 spiritum

65 1165 264 1216 ‘retenturos
282 1161 399 1230 proinde
422 1159 540 1234 perl‘uge
556 1161 686 1216 Batavus
697 1163 833 1218 arbitrum
848 1178 942 1218 rerum
962 1138 970 1150 ἱ

66 1257 295 1316 ‘Romanarum
324 1276 360 1314 ue
374 1267 482 1331 agerer,
496 1261 546 1314 sed
569 1260 684 1316 meritas
699 1264 817 1318 sceleris
833 1277 941 1333 poenae

65 1353 297 1426 ‘exspectares’
338 1358 420 1428 Quae.
445 1358 492 1412 ubi
518 1361 606 1413 relata
622 1359 722 1414 Civili,
740 1359 875 1415 incensus
889 1359 941 1426 ira,

69 1456 242 1512 universam
259 1455 433 1510 Batavorum
456 1463 571 1528 gentem
595 1456 624 1512 in
651 1474 727 1512 arma
753 1458 835 1527 rapit.
877 1459 942 1513 lun·

67 1561 177 1628 guntru
195 1553 326 1608 Bructeri
350 1553 548 1626 Tencterique
569 1560 599 1609 et
620 1555 717 1608 excita
741 1553 849 1610 nuntiis
870 1555 942 1610 Ger·

69 1652 172 1710 mania
194 1653 232 1706 ael
259 1653 393 1722 praedam
417 1647 587 1724 famamque.
633 1653 779 1708 Adversus
802 1653 852 1706 has
873 1652 942 1708 belli
953 1652 994 1708 22

67 1749 275 1808 concurrentis
290 1751 381 1806 minas
397 1752 500 1822 Legati
525 1751 680 1823 legionum,
706 1751 864 1808 Mummius
886 1752 943 1808 Lu·

67 1866 174 1922 percus
190 1854 221 1903 et
248 1849 395 1906 Numisius
418 1850 517 1914 Rufus,
544 1851 651 1906 vallum
671 1851 828 1922 'murosque
850 1851 942 1906 lirmn·

66 1949 150 2004 hant.
209 1947 356 2004 Subversa
386 1949 488 2019 longae
518 1950 597 2019 pacis
618 1966 715 2018 opera,
744 1949 818 2005 hnud
842 1949 941 2020 pmcul

65 2045 185 2106 castris,
212 2047 243 2101 in
264 2047 379 2102 mudum
402 2045 551 2117 municipii
572 2054 730 2114 exstructa,
752 2065 788 2104 ne
811 2048 941 2104 hostilius

69 2144 136 2202 usui
165 2144 270 2200 forent.
313 2146 372 2201 Sed
406 2162 504 2217 parum
540 2145 694 2216 provisum.
716 2151 746 2200 ut
776 2147 878 2214 copiae
909 2145 942 2200 in

69 2247 172 2301 castre
193 2243 444 2299 conveherentur:
481 2243 541 2314 rapi
571 2243 734 2316 permisere.
778 2243 821 2298 lta
843 2241 952 2327 paucis·

69 2342 178 2398 diebus
194 2359 244 2411 per
268 2340 415 2398 licentiam
437 2344 584 2413 alrsumpta
607 2351 682 2407 suut,
706 2358 779 2414 quae
803 2342 941 2397 adversus

69 2439 268 2498 necessitates
284 2441 313 2497 in
327 2443 442 2513 longum
456 2440 646 2497 suffecissent.
688 2438 804 2500 Civilis.
816 2441 942 2496 medium

71 2557 182 2613 agmen
204 2556 270 2596 cum
293 2542 394 2596 robore
425 2540 600 2595 Batavorum
624 2539 768 2605 obtinens,
793 2547 941 2613 utramque

71 2637 175 2697 Rheni
196 2627 301 2710 ripam,
324 2655 380 2712 quo
406 2639 594 2694 truculentior
623 2638 685 2694 visu
715 2637 796 2704 sorel,
822 2638 941 2696 Germa-

70 2753 178 2794 norum
211 2737 339 2794 catervis
373 2739 509 2808 complet,
543 2738 706 2792 adsultante
742 2755 791 2810 per
823 2753 941 2812 campos

72 2835 182 2910 equite.
226 2835 318 2892 Simul
341 2853 432 2892 naves
452 2836 482 2891 in
503 2835 656 2890 adversum
679 2853 793 2892 amnem
818 2840 941 2910 ageban-

73 2939 130 2992 tur.
175 2933 256 2990 Hinc
279 2943 477 2990 veteranarum
498 2933 658 2990 cohortium
686 2935 777 3006 signa,
806 2936 873 2992 inde
893 2939 940 2993 de·

73 3039 226 3106 promptae
240 3032 323 3088 silvis
344 3033 456 3088 lucisve
470 3032 590 3088 serarum
612 3033 761 3105 imagines,
784 3043 812 3090 ut
836 3036 940 3109 cuique

73 3131 157 3207 genti
173 3130 246 3188 inire
261 3131 400 3203 proelium
414 3149 476 3188 mos
491 3137 545 3198 est,
566 3131 658 3188 mixta
684 3134 752 3190 belli
773 3133 871 3190 civilis
891 3151 941 3188 ex·

103 3302 195 3361 longae
212 3303 363 3375 paciuoperu]
396 3305 420 3350 ld
438 3309 472 3351 est
491 3306 620 3365 proceslria,
640 3311 664 3350 et
683 3302 869 3372 qrraelaedilllenri
888 3307 940 3370 ante

75 3371 150 3410 castra
160 3364 241 3418 solem,
256 3363 329 3411 unhur
343 3365 437 3411 lasarum
452 3369 491 3410 aut
505 3365 647 3410 advenarum.
677 3361 784 3409 Mende
794 3360 866 3406 Mart
879 3359 939 3406 Dral.

77 3421 141 3482 v,r.
172 3421 235 3479 asp.
