2090 3838
102 143 177 210 204
217 199 225 212 .
426 155 679 206 uranoamaru
827 158 858 206 a
872 157 901 206 v.
916 159 969 210 aaa.

12 291 13 300 ἵ
103 317 195 376 colles
218 312 292 372 mari
324 311 498 387 propinquos
524 314 703 384 exsurgeret,
727 315 866 385 quantum
893 311 970 370 inter

101 417 195 474 eolles
209 431 245 470 ao
260 413 327 470 litus
341 411 425 486 aequi
449 412 518 476 loci,
537 408 743 468 Praetutianus
765 411 850 468 miles
872 412 971 484 exple·

104 521 159 580 ret,
179 514 291 584 inipso
314 511 386 568 mari
399 516 431 568 ut
443 527 559 568 annexa
582 509 686 566 classis
699 515 731 565 et
755 527 868 583 pugnae
892 525 970 582 para·

106 617 146 680 ls,
172 629 314 670 conversa
327 616 357 668 et
383 609 493 668 minaci
516 609 610 666 iroute
630 611 878 682 praetenderetur.
919 607 971 666 vi-

101 712 231 776 telliani,
251 711 353 785 quibus
374 709 466 766 minor
491 709 619 782 peditum
634 707 689 775 vir,
713 708 745 766 in
769 709 867 783 equite
881 711 971 775 robur,

108 811 234 884 Alpinos
268 809 406 882 proximis
433 808 517 882 iugis,
547 809 682 869 cobortes
711 808 812 865 densis
826 807 971 866 ordinibus

108 917 173 984 post
194 909 321 983 equitem
345 909 463 982 locant„
494 906 692 964 Treverorum
719 908 971 964 turmaeobtulere
1031 967 1032 974 ,

106 1025 140 1066 se
167 1008 244 1066 hosti
272 1007 485 1070 lucaniacum
515 1005 666 1078 exciperet
695 1013 799 1062 contra
820 1014 970 1073 vetermm
1031 1001 1032 1074 ζ

109 1107 202 1168 miles,
221 1105 338 1162 simula
358 1107 448 1162 latere
470 1104 550 1162 saxis
574 1110 688 1179 urgeret
711 1109 779 1177 apta
803 1105 841 1161 ad
867 1103 971 1162 iacien·
1031 1089 1032 1106 ¹

107 1206 177 1262 dum
199 1205 288 1261 etiarn
311 1219 488 1278 paganorum
510 1221 630 1261 manus:
650 1204 700 1278 qui
719 1203 813 1276 sparsi
834 1203 911 1260 iuter
924 1203 972 1260 mi·
1031 1181 1032 1206 ¹

109 1303 185 1366 lites,
204 1302 315 1360 strenui
334 1303 501 1377 ignavique,
513 1302 546 1360 io
571 1302 695 1360 victoria
718 1302 797 1360 idem
818 1303 971 1360 audebant

111 1403 237 1463 Additus
258 1401 397 1475 perculsis
418 1407 515 1466 terror,
545 1400 666 1482 inuecta
688 1401 719 1458 in
740 1408 822 1476 terga
848 1419 973 1476 pugnau-

110 1501 183 1560 tium
200 1503 303 1559 classe.
344 1501 390 1558 lta
409 1501 535 1575 undique
556 1499 659 1556 clausi.
679 1501 851 1574 deletaeque
872 1516 973 1558 omnes

111 1602 213 1675 copiae
228 1601 330 1666 forent,
344 1599 375 1656 ni
395 1599 536 1658 victorem
558 1599 720 1658 exercitum
741 1600 976 1662 adtinuisaetob·

61 1700 226 1758 ldscurum
258 1699 363 1765 noctis,
392 1697 524 1756 obtentui
557 1697 744 1772 fugientibus.
786 1700 855 1758 Nec
882 1701 978 1756 Vitel-

112 1795 193 1863 liani,
219 1813 389 1870 quamquam
417 1796 501 1864 victi,
534 1797 682 1873 quievere.
712 1797 817 1856 accitis
851 1798 977 1865 auxiliis,

111 1911 243 1952 securum
262 1896 375 1952 hostem
395 1913 430 1954 ac
451 1913 588 1956 successu
608 1913 702 1954 rerum
721 1897 871 1954 socordius
892 1915 977 1972 agea·

112 1997 171 2052 tem
198 1993 350 2052 invadunt.
371 1995 451 2052 caesi
479 1995 593 2070 vigiles,
612 2001 747 2069 perrupta
766 2002 873 2062 castra,
894 1996 978 2070 trepi-

112 2094 212 2150 datum
235 2094 311 2166 apud
334 2111 442 2150 naves:
470 2094 574 2160 donec,
594 2097 719 2152 cedente
745 2097 896 2168 paullatim
921 2113 979 2154 me·
1031 2091 1032 2152 l

112 2198 153 2260 tu,
186 2199 329 2265 occupato
358 2193 440 2250 iuxta
470 2195 547 2250 colle
573 2193 696 2260 defensi,
728 2211 798 2252 mox
831 2195 978 2269 inrupere.
1031 2175 1032 2210 ³

113 2297 197 2350 atrox
209 2292 251 2349 ibi
266 2293 381 2360 caedes,
391 2297 421 2348 et
442 2291 625 2366 Tungrarum
639 2293 802 2351 cohortium
823 2293 979 2362 l’rnelecti,
1031 2327 1032 2370 ,

15 2381 19 2389 ¹
113 2396 274 2450 sustentata
296 2390 345 2448 diu
369 2391 443 2458 acie,
470 2389 537 2447 telis
556 2393 723 2448 obruuntur.
764 2393 814 2449 Ne
837 2393 979 2450 Othonia-

60 2477 68 2496 *
113 2490 160 2548 nis
183 2489 297 2564 quidem
319 2489 471 2547 incruenta
498 2488 622 2547 victoria
646 2489 710 2557 tuis,
740 2509 861 2566 quorum
884 2491 980 2566 inpro-

115 2588 183 2644 vide
202 2593 317 2645 seculos
340 2589 476 2646 conversi
486 2589 602 2663 equites
624 2589 889 2648 circumvenerunt.
932 2593 980 2648 Ac

86 2748 88 2754 s
114 2688 195 2743 velut
222 2686 314 2759 pactis
346 2686 480 2754 induciis,
501 2703 537 2743 ne
561 2687 631 2744 binc
651 2689 762 2754 classis,
788 2688 858 2746 iude
880 2707 978 2764 eques,

113 2783 238 2842 subitam
262 2784 444 2842 formidinem
467 2785 615 2852 iulerrent,
636 2785 805 2842 Vittelliani
825 2793 904 2844 retro
919 2789 980 2846 rin·

115 2882 237 2956 tipnlim,
271 2883 470 2940 Narbonensis
505 2884 621 2942 Galliae
652 2883 861 2957 municipium,
889 2886 980 2944 Otho·
1031 2877 1032 2936 l

114 2981 196 3039 niani
233 2981 448 3056 Albingaunum
481 2982 625 3041 interioris
648 2982 793 3056 Liguriae,
821 2989 980 3042 revertere.

66 3071 103 3128 ¹ss
117 3080 266 3141 Corsicam
296 3097 331 3138 ac
358 3081 531 3149 Sardiniam,
550 3088 719 3157 ceterasque
745 3081 873 3154 proximi
893 3082 981 3140 maris

95 3235 101 3242 ¹
144 3253 253 3300 Conversa
263 3257 282 3304 et
295 3253 378 3299 minari
384 3252 472 3314 fronte]
485 3254 507 3300 h.
524 3269 544 3299 e.
564 3269 621 3315 quae
637 3271 688 3312 nou,
705 3259 730 3301 ut
744 3254 871 3311 adsolebat,
887 3270 981 3317 puppes,

112 3313 152 3416 god
162 3325 240 3416 proris
250 3318 273 3416 ent
283 3320 354 3357 rostra
363 3311 490 3358 obverterat
499 3313 567 3372 litori,
578 3320 602 3360 ut
612 3315 634 3360 in
645 3315 736 3376 proeliis
745 3313 768 3362 iu
776 3315 981 3376 oppugnationibus

129 3385 184 3416 ΕΙὍ.
239 3385 251 3415 l'
270 3403 275 3415 ι
