2100 3816
98 161 146 230 82
417 173 603 222 erasurus
691 189 695 198 ·
815 171 966 220 auno.

96 329 211 392 mulieri
223 327 294 388 olim
316 326 459 403 cognitus,
473 344 524 385 seu
537 341 640 384 recens
652 328 716 382 orta
738 323 967 391 amicitia‚.dum
1034 308 1035 356 ¹

96 429 197 489 mo
215 444 287 504 ergo
299 427 518 493 Neronemaua,
539 431 565 482 et
586 422 714 500 panio
726 421 842 480 inritum
853 420 969 479 cecidis-
1035 506 1036 510 Ἰ

97 535 166 597 sent,
179 528 282 602 aperit,
310 527 468 600 adiicitque
488 530 604 599 questus
631 530 662 580 et
681 521 888 580 destinationem
909 519 972 577 uin·

98 627 195 695 dictae,
208 626 235 684 si
243 625 374 705 sonabas
395 628 526 706 mester,
545 639 627 697 spem
648 622 739 688 dedit,
761 639 844 695 posse
858 619 968 693 inpelli

98 733 128 784 el
156 729 250 799 plores
271 725 438 783 conciliare.
468 739 523 781 nec
543 725 611 780 leve
635 720 776 778 auxilium
803 721 835 776 in
858 721 968 786 classe,

98 827 214 884 crebras
227 824 415 892 occasionem
435 822 502 897 quia
517 823 597 878 Nero
621 822 712 878 multo
725 821 799 892 apud
824 819 967 876 Puteolos

99 929 131 982 el
145 923 290 981 Misenum
311 923 397 980 maris
420 939 472 979 usu
496 922 666 978 laetabatur.
708 920 785 993 Ergo
808 916 967 990 Epicharis

99 1023 197 1097 plura:
217 1028 247 1078 et
260 1022 358 1079 omnia
370 1023 481 1079 scelera
496 1019 640 1092 Principis
653 1020 762 1076 orditur
776 1037 783 1073 ι
804 1023 918 1090 ‘neque
931 1031 967 1078 te

100 1120 239 1186 ‘iactare
252 1121 328 1194 quod
348 1120 437 1184 inane
451 1124 547 1188 esset;
566 1117 722 1192 provisum,
735 1131 858 1192 quonam
878 1115 969 1172 modo

101 1221 227 1291 ‘poenas
240 1235 361 1276 eversae
371 1219 561 1292 Reipublicae
575 1219 676 1274 daret:
696 1216 897 1290 accingeretur
907 1230 969 1272 nlo·

99 1317 283 1374 ‘donavere
303 1334 420 1389 operam
434 1323 464 1374 et
478 1315 601 1374 militum
623 1315 777 1373 acerrimos
798 1315 904 1371 ducere
931 1314 968 1370 in

100 1420 223 1488 ‘partes,
236 1432 272 1473 ao
284 1415 372 1489 digua
387 1416 478 1488 pretia
491 1412 695 1488 exspectaret!
728 1413 856 1471 Nomina
866 1419 970 1470 tamen

101 1515 313 1572 coniuratorum
327 1515 453 1572 reticuit.
493 1515 583 1572 Vnde
605 1513 722 1570 Proculi
744 1512 884 1570 indicium
899 1509 970 1568 inri-
1040 1498 1041 1522 ³

66 1595 69 1600 ¹
101 1617 162 1670 tum
182 1613 246 1680 tuit,
266 1614 399 1687 quamvis
420 1629 465 1680 ea,
485 1631 558 1688 quae
582 1612 720 1679 audierat,
744 1613 780 1669 aul
816 1613 969 1668 Neronem

101 1711 262 1768 detulisset.
306 1711 413 1768 Accita
437 1711 542 1784 quippe
567 1710 853 1790 Epicharis‚etcum
867 1709 970 1766 indice
1041 1696 1042 1706 ἵ

102 1807 272 1878 composita,
286 1807 373 1863 nullis
388 1807 508 1864 testibus
522 1807 655 1864 innixum
683 1807 769 1864 facile
793 1805 969 1864 confutavit.

104 1905 164 1964 Sed
177 1903 240 1975 ipsa
253 1903 284 1960 in
297 1903 429 1961 custodia
440 1910 554 1962 retenta
567 1911 620 1971 est,
634 1909 818 1977 suspectante
836 1905 969 1974 Nerone,
1042 1939 1043 1944 κ

103 2001 180 2058 baud
198 2001 270 2060 lalsa
292 2019 366 2067 esee.
388 2003 476 2060 etiam
490 2020 563 2078 pirae
588 1988 739 2060 vera'non
764 2005 970 2076 probabantur.

50 2091 93 2150 52
104 2100 270 2158 Coniuratis
298 2106 405 2167 tamen,
432 2109 510 2160 metu
538 2102 708 2174 proditionis
736 2101 880 2174 permotis,
908 2104 971 2174 pla·

103 2198 193 2257 citum
208 2210 349 2256 maturare
362 2202 483 2257 caedem
507 2202 582 2273 apud
598 2200 686 2258 Naias
707 2202 737 2257 iu
747 2201 818 2257 uilla
833 2200 970 2257 Pisonis:

102 2298 185 2358 ouius
199 2298 373 2358 amoenitate
386 2305 487 2371 captus
502 2300 611 2356 Caesar
624 2303 724 2356 creber
744 2317 780 2356 eo
795 2301 971 2368 ventitabat,

103 2397 278 2472 balneasque
292 2404 322 2454 el
336 2401 435 2471 epulas
447 2397 550 2463 inibat,
563 2399 678 2454 omissis
692 2397 823 2455 excubiis
838 2404 867 2454 et
881 2397 971 2454 loctu-

103 2511 160 2552 nae
174 2513 241 2552 suae
256 2499 342 2554 mole.
372 2498 430 2553 Sed
444 2496 545 2552 abnuit
560 2496 636 2562 Piso,
651 2494 822 2553 ‘irrvidium'
836 2503 968 2569 praeten-

103 2593 185 2655 dens.
199 2595 243 2650 ‘si
257 2611 338 2652 sacra
352 2611 478 2661 mensae,
503 2594 608 2669 Diique
624 2595 780 2668 hospitales
795 2597 886 2652 caede
900 2614 969 2670 qua·

105 2689 281 2764 ‘liscumque
296 2691 439 2763 Principis
463 2699 689 2750 cruentarentur.
711 2694 902 2766 meliusupod
925 2711 971 2752 ur·

104 2789 190 2844 ‘bem
211 2789 242 2845 in
272 2789 323 2846 illa
356 2789 453 2846 invisa
480 2797 510 2847 et
544 2792 644 2865 spoliis
674 2793 786 2850 civium
816 2798 969 2850 exstructa

104 2887 219 2956 ‘doma
253 2891 299 2945 vel
328 2890 358 2946 in
393 2889 509 2961 publico
535 2897 702 2964 patraturos,
729 2893 803 2964 qood
831 2909 882 2964 pro
911 2881 969 2949 R'e·

105 2987 240 3060 ‘publica
272 2989 485 3061 suscepissent!
546 2992 628 3048 Haec
652 2992 683 3049 in
714 3007 884 3048 commune:
920 3007 969 3048 oe·

105 3087 198 3142 terum
222 3088 324 3144 timore
347 3092 473 3157 occulto,
499 3107 537 3148 ne
564 3091 598 3148 1..
628 3091 754 3158 Silanus,
781 3089 890 3146 eximia
918 3108 969 3148 no-

104 3182 218 3240 bilitate
231 3185 442 3261 disciplinaque
467 3189 502 3247 0.
524 3189 629 3255 Cassii,
652 3191 727 3264 apurl
753 3206 838 3264 quern
862 3189 969 3247 educa·

105 3285 150 3338 tus
164 3287 234 3348 erat,
247 3286 284 3341 ad
298 3301 413 3343 ornnem
433 3287 641 3368 claritudinem·
658 3289 795 3355 sublatus,
813 3289 970 3360 imperium

104 3380 266 3451 invaderet,
286 3391 417 3460 prompte
438 3385 547 3446 daturis
569 3403 694 3462 operam,
716 3387 766 3464 qui
791 3403 810 3445 a
836 3389 969 3448 coniura-
