2100 3816
75 229 99 274 a.
116 227 191 278 oro.
304 227 375 275 cru.
402 229 426 275 1.
475 227 552 275 oar.
578 205 747 277 26.-29.
867 209 936 278 147

72 395 104 436 us
118 380 228 450 liberto,
243 397 295 454 per
309 380 503 440 rl'iberiauarn
516 383 641 444 donum.
655 382 686 440 in
702 382 871 452 Velabrum,
893 383 938 442 in·

73 477 107 534 de
126 481 161 536 ad
186 479 347 538 Miliarium
370 497 497 548 aureum,
521 484 574 539 sub
596 483 699 540 aedem
715 483 842 551 Saturni,
876 499 937 557 per·

74 579 121 651 git.
161 577 205 636 lbi
233 585 292 636 tres
315 584 347 636 at
370 579 476 652 viginti
502 583 698 654 speculatores
724 585 937 640 consalutatum

76 674 275 752 Imperatores,
300 693 336 735 ao
360 680 507 752 paucitate
533 681 721 738 salutantium
735 681 886 753 trepidum,
907 687 938 740 et

76 777 156 832 sellas
170 777 342 834 festinanter
365 777 531 850 inpositum,
553 779 662 837 strictis
687 780 871 838 mucronibus
895 795 936 836 ra·

77 873 157 946 piunt.
199 875 341 933 'l'otidem
363 879 452 934 terme
472 877 580 935 milites
593 877 624 936 in
648 877 755 936 itinere
779 879 936 952 adgregan-

76 978 127 1030 tur:
155 975 206 1032 olii
233 975 426 1043 conscientia,
454 977 582 1050 plerique
609 977 770 1046 miraculos
790 995 854 1050 pars
878 978 937 1034 ola·

76 1089 146 1129 more
168 1080 198 1130 ei
225 1073 342 1148 gaudio,
371 1091 435 1146 pars
457 1075 584 1138 silentio¹
612 1075 740 1134 animum
765 1079 934 1132 crevento

76 1173 214 1243 sumpturi.
258 1173 423 1230 Stationem
438 1173 469 1230 in
491 1173 593 1230 castris
617 1176 722 1247 agebat
746 1174 835 1232 lulius
858 1173 985 1234 Mar-28

77 1269 146 1326 tialis
173 1271 334 1327 Tribunus.
396 1273 435 1336 ls,
462 1272 662 1346 magnitudine
692 1272 779 1330 subiti
806 1272 935 1340 sceleris,
1009 1289 1016 1296 ·

77 1384 109 1424 an
133 1376 275 1442 conrupta
303 1370 389 1427 latius
415 1379 518 1440 castra,
539 1387 584 1435 ao,
611 1372 635 1428 si
662 1379 764 1428 contra
793 1374 935 1440 tenderet,

77 1465 188 1524 aritium
222 1475 367 1534 metuens,
401 1469 532 1540 praebuit
566 1469 708 1544 plerisque
740 1471 935 1542 suspicionem

78 1566 277 1624 conscientiae.
323 1569 524 1640 Antaposuere
551 1569 643 1626 ceteri
668 1585 781 1642 quoqne
809 1567 936 1624 Tribuni
961 1620 966 1635 ,

80 1663 319 1740 Centurionesque
334 1669 496 1739 praesentia
510 1667 605 1723 dubiis
625 1674 655 1722 et
670 1665 808 1737 honestis.
851 1666 936 1739 isque

79 1761 181 1820 habitus
194 1764 356 1822 animorum
369 1765 433 1830 luit,
449 1771 478 1821 ui
493 1765 648 1837 pessimum
662 1764 774 1821 lacinus
796 1765 936 1821 auderent
964 1747 1001 1849 ᾗ

79 1862 161 1932 pauci,
174 1865 269 1934 plures
283 1865 405 1929 vellent,
418 1879 519 1920 omnes
534 1869 708 1936 paterentur.

113 1961 228 2032 ignarus
241 1961 358 2019 interim
380 1961 476 2018 Galba
503 1967 534 2018 et
559 1961 650 2018 sacris
674 1963 812 2032 intentus,
835 1946 985 2038 leriga-2⁹

81 2056 220 2117 batulieni
240 2059 299 2116 iarn
324 2059 443 2132 Imperii
469 2059 568 2117 Deos:
589 2077 655 2118 curn
682 2062 807 2118 adfertur
831 2079 934 2129 rumor,

81 2157 150 2229 ‘rapi
172 2157 202 2214 in
231 2165 338 2223 castra,
367 2158 607 2232 incertumquem
636 2159 835 2216 Senatoremr’
856 2175 934 2226 mox,

81 2253 240 2312 'Othonem
262 2273 338 2322 esse,
356 2255 406 2329 qui
426 2263 575 2329 raperetur
585 2255 602 2312 ι’
622 2257 706 2315 simul
728 2259 934 2327 caloiambar,

80 2355 105 2408 ut
122 2355 238 2429 quisque
251 2354 356 2410 obrius
381 2353 482 2421 iuerat,
496 2347 547 2410 alii
574 2354 759 2412 formidinem
783 2359 935 2428 augentes,

80 2454 182 2525 quidam
204 2456 317 2511 minora
342 2471 421 2518 vero,
442 2471 479 2510 ne
504 2460 564 2510 tum
592 2455 709 2528 quidem
731 2453 815 2509 obliti
839 2453 935 2510 adula-

81 2551 163 2608 tionis.
221 2553 313 2626 igitur
342 2553 575 2608 consultantibus
607 2551 728 2624 placuit,
761 2551 936 2623 ‘pertentari

80 2651 215 2708 ‘animum
226 2652 365 2716 cohortis,
386 2668 459 2724 quae
473 2650 504 2706 in
520 2650 629 2724 palatio
643 2649 798 2707 stationem
812 2652 934 2724 agebat:

32 2797 34 2804 .
83 2753 147 2820 ‘asc
162 2767 213 2821 per
240 2749 333 2820 ipsum
362 2748 509 2805 Galbam:
531 2749 612 2805 cuius
640 2749 751 2822 integra
779 2749 935 2808 auctoritas

81 2849 249 2906 ‘maioribus
265 2848 399 2906 remediis
421 2845 608 2904 servabatur!
649 2848 718 2904 Piso
739 2863 789 2920 pro
802 2849 935 2921 gradibus

79 2947 167 3004 domus
180 2952 301 3004 vocatos
316 2947 346 3004 in
361 2947 437 3004 hunc
453 2947 568 3002 modum
583 2947 733 3002 adlocutus
755 2954 799 3002 est
814 2967 820 3002 :
840 2949 936 3005 ‘Sex-

77 3052 132 3104 ‘tus
156 3047 221 3104 dies
252 3046 354 3120 agitur,
382 3045 608 3110 commilitones,
644 3063 682 3101 ex
718 3063 785 3119 quo,
819 3045 936 3120 ignarus

103 3201 228 3248 Miliarium
245 3201 349 3262 aureum]
380 3199 490 3246 Columna
507 3213 535 3245 ex
552 3212 580 3244 co
597 3199 697 3252 metallo,
713 3203 738 3243 ut
757 3199 887 3244 Plutarchus
901 3197 938 3243 hic

80 3255 99 3304 hr
112 3259 182 3306 Galba
200 3259 307 3304 describit
317 3273 335 3304 c.
347 3263 382 3306 ul.
393 3260 424 3305 nd
441 3273 507 3318 wrm
523 3259 571 3304 ciac
587 3271 661 3303 omncs
677 3255 786 3303 collatio
803 3258 937 3304 mnarum.

80 3318 133 3364 Fecit
144 3322 267 3376 :ingustata
280 3331 331 3364 sum
351 3318 448 3364 Curator
464 3317 555 3363 uiarum
572 3323 632 3368 essct,
652 3315 696 3362 Dio
711 3315 774 3370 LlV‚
789 3317 810 3361 8.
826 3321 850 3360 et
860 3313 939 3360 statuit

80 3375 345 3434 herpitsliurmm‘sors'.
378 3377 527 3422 Plin.lll.tl.
557 3375 618 3429 Ls'ps

103 3453 356 3516 &osbirhtum
364 3451 542 3512 inpensum]
573 3443 798 3504 ousenroqusnoar
