2090 3838
84 237 204 312 snm
325 237 397 286 nm.
426 237 462 285 rr.
505 238 582 285 osa.
602 217 772 287 65.-67.
871 221 943 288 237

82 394 238 451 victoribus
251 395 425 464 permixtae,
441 393 558 450 hostilia
574 396 777 468 loquebantur:
792 397 948 468 praecipua

83 493 396 567 quartadecimanorum
422 493 539 558 ferocia,
564 494 612 566 qui
636 501 687 549 ‘se
713 493 815 550 victos'
838 499 947 552 strnue·

81 592 165 648 bant:
193 591 320 664 ‘quippe
342 591 532 648 Bedriacensi
553 591 628 656 acie,
649 593 812 649 vexillariis
834 602 947 650 tantum

83 691 195 762 ‘pulsis
211 690 290 746 vires
303 689 427 763 legionis
449 709 506 746 non
527 690 671 746 adfuisse!
714 692 835 748 Remitti
852 709 903 746 eos
917 692 947 748 in

82 787 275 854 Britanniam,
291 790 366 844 unde
381 799 402 844 a
414 789 440 844 N
444 806 531 845 etone
546 789 636 846 exciti
652 796 744 852 erant,
760 791 887 861 plectritr
908 795 949 846 at·

83 905 134 962 qne
148 889 265 945 interim
282 889 612 944 batavorum-cobortes
631 905 686 944 una
704 890 833 953 tendere,
846 890 884 944 ob
900 905 949 944 ve-

83 991 169 1042 terem
194 989 335 1042 adversus
359 965 627 1058 quartadecimanos
650 987 833 1044 discordiam.
884 989 948 1044 Nec

83 1085 135 1152 sliu,
150 1087 180 1142 in
196 1085 287 1140 tantis
302 1090 474 1140 armatorum
489 1086 572 1149 odiis,
586 1086 667 1157 quies
683 1086 744 1142 init.
798 1089 948 1158 Augustae

84 1183 286 1247 Taurinorum,
298 1184 365 1238 dum
380 1183 513 1254 opificem
529 1185 672 1256 quendam
689 1185 817 1241 Batavus
833 1193 861 1241 ut
875 1187 947 1242 trau-

82 1283 209 1340 datorem
221 1283 389 1344 insectatur,
401 1283 574 1355 legionarias
589 1289 618 1338 ut
633 1284 775 1354 hospitem
788 1293 890 1347 tuetur,
902 1283 947 1340 sui

83 1383 182 1457 cuique
202 1381 419 1438 commilitones
442 1382 601 1455 adgregati,
618 1393 637 1438 'a
658 1384 803 1440 conviciis
825 1387 860 1440 ad
881 1402 947 1440 eae-

83 1482 145 1538 dem
166 1483 318 1538 transiere.
339 1487 368 1536 et
390 1483 529 1552 proelium
550 1488 632 1538 atrox
648 1481 814 1547 exarsisset,
830 1483 947 1538 uiduae

80 1581 246 1637 Praetoriae
260 1581 403 1645 cobortes,
420 1595 550 1635 caussam
565 1579 884 1653 quartadecimanorum
905 1597 948 1636 se·

82 1688 172 1747 eatae,
188 1677 232 1734 bis
248 1677 382 1734 fiduciam
402 1684 431 1733 et
453 1685 558 1734 metam
575 1678 698 1733 Batavis
712 1677 859 1733 iecissent.
880 1695 948 1753 quos

83 1778 222 1835 Vitellius
248 1777 376 1850 ‘agmini
400 1795 452 1832 suo
477 1775 575 1850 iungi,'
600 1784 630 1832 ut
655 1777 744 1845 lidos3
773 1777 948 1850 ‘legionem

83 1877 201 1934 ‘Graiis
217 1876 338 1948 Alpibus
353 1877 522 1940 traductam,
534 1893 570 1931 eo
581 1875 659 1932 flexu
671 1875 784 1932 itineris
796 1875 846 1932 ire'
858 1877 947 1945 iubet,

80 1982 156 2051 ‘qno
169 1977 318 2032 Viennam
333 1973 477 2031 vitarent'
492 1991 614 2048 namque
624 1980 653 2030 et
665 1975 851 2032 Viennenses
866 1977 947 2033 time-

84 2077 193 2132 bantur.
237 2075 342 2139 Nocte,
353 2091 409 2147 qna
424 2073 657 2146 proficiscebatur
668 2074 752 2147 tegio,
765 2075 874 2131 relictis
885 2093 947 2148 pas·

14 2195 15 2198 ¹
83 2175 132 2230 sim
144 2174 271 2246 ignibus,
286 2189 349 2244 pars
365 2171 518 2228 Taurinae.
536 2171 679 2228 Coloniae
700 2175 849 2228 ambusta:
871 2174 947 2246 quod

83 2275 230 2336 damnum,
250 2277 280 2327 ut
301 2273 435 2344 pleraque
458 2269 528 2326 belli
548 2273 632 2338 mala,
654 2271 809 2326 maioribus
826 2270 949 2327 aliarum

82 2372 192 2428 urbium
208 2369 340 2426 cladibus
351 2367 556 2426 oblitteratrnit.
600 2368 857 2442 quartadecimani
872 2373 947 2438 post·

83 2487 166 2545 qaam
189 2468 313 2540 Alpibus
332 2468 461 2541 degressi
482 2473 558 2534 sunt,
571 2466 807 2524 seditiosissimus
825 2466 943 2540 quisque

82 2569 165 2642 signa
189 2567 339 2623 Viennam
363 2565 503 2622 terebant.
528 2583 672 2622 consensu
696 2565 845 2621 meliorum
869 2583 947 2622 oom-

83 2655 183 2740 pressi,
197 2671 228 2722 et
242 2664 319 2738 legio
333 2665 363 2720 in
379 2663 561 2721 Britanniam
576 2669 751 2721 transvecta.
793 2663 945 2723 Proximus
956 2674 995 2736 67

83 2764 209 2822 Vitellio
230 2781 247 2819 e
269 2763 425 2820 Praetoriis
440 2763 606 2819 cohortibus
629 2769 722 2838 metus
736 2767 805 2819 erat.
820 2765 945 2838 separati

82 2864 215 2938 primum,
228 2861 343 2928 deinde,
356 2861 455 2918 addito
465 2862 605 2918 honestae
617 2861 761 2917 missionis
776 2862 943 2934 lenimento,

82 2979 160 3020 arma
186 2962 222 3018 ad
239 2959 386 3018 Tribunos
399 2977 465 3016 suos
483 2959 670 3017 deserebant:
695 2959 789 3016 donec
803 2967 944 3018 motnma

83 3059 270 3134 Vespasiano
284 3059 391 3115 bellum
405 3059 601 3114 crebresceret
612 3077 619 3111 ι
629 3061 699 3124 tum,
712 3064 857 3132 resumpta
871 3059 944 3117 mili·

83 3161 130 3227 tia,
152 3161 238 3217 robur
258 3157 465 3214 Flavianarum
486 3155 608 3230 partium
625 3155 714 3212 tuere.
754 3156 852 3214 Prima
872 3160 944 3214 olas·

82 3258 205 3316 sicorum
239 3256 316 3329 legio
347 3253 378 3312 in
411 3253 583 3328 Hispaniam
614 3253 710 3322 missa,
743 3259 774 3310 ut
807 3271 879 3326 pace
913 3257 973 3311 et*

83 3360 141 3414 otio
160 3356 346 3412 mitesceret:
368 3352 533 3410 Vndeeinaa
560 3369 595 3409 ac
616 3352 740 3422 septima
767 3351 826 3405 suis
851 3349 943 3404 hiber-

83 3454 127 3512 nis
147 3454 298 3511 redditae:
328 3449 579 3510 ueuisdscnnani
598 3452 707 3503 struere
734 3442 944 3512 amphitheatra

120 3570 193 3612 von.
215 3569 250 3608 rr.
555 3545 588 3598 2¹
