2090 3838
108 200 181 271 248
406 218 660 267 nrssoaranvra
829 223 860 266 a.
875 218 905 266 v.
922 218 973 267 aaa.

107 379 244 444 Iudaeae,
277 373 491 446 Vespasianum
519 373 649 429 obtinere
677 373 804 430 claustra
841 370 975 446 Aegypti

108 476 226 552 placuit.
261 475 391 532 sufficere
433 473 605 528 videbantur
639 473 778 527 adversus
817 471 974 527 Vitellium

108 593 173 652 pars
187 573 342 648 copiarum,
357 579 385 628 et
398 571 465 628 Dux
485 570 649 632 Mucianus,
662 576 691 626 et
717 569 896 641 Vespasiani
926 585 975 625 no·

110 690 236 738 manac
262 673 332 728 nihil
358 672 476 726 arduum
506 669 580 725 latis.
627 671 673 726 Ad
697 686 800 726 omnes
825 667 971 724 exercilus

110 773 293 844 Legalosque
325 769 450 839 scriptae
475 769 625 839 epistolae,
666 776 919 840 praeceptumque,
944 769 974 820 ut

111 868 320 932 Praetorioaae,
343 865 372 921 V
371 865 457 923 taedia
487 864 619 942 trescasas,
639 864 835 941 reciperandae
859 862 973 922 militiae

57 960 232 1048 '83praema'u
247 965 403 1023 incitarent·
448 965 602 1021 Mucianus
623 982 689 1020 eum
713 966 852 1035 expedita
881 979 973 1028 manu,

111 1067 220 1124 socium
245 1068 336 1134 meeis
361 1063 486 1136 lmperii,
511 1081 594 1136 quam
620 1064 781 1119 ministrum
796 1081 894 1134 agens,
915 1079 969 1118 nou

111 1167 192 1224 lauto
218 1163 389 1228 itinerans
421 1161 552 1218 cunctari
578 1161 732 1224 videretur,
755 1180 849 1234 neque
877 1169 968 1216 tamen

111 1279 275 1338 properans,
297 1261 418 1334 gliscere
433 1261 537 1316 lamam
558 1262 620 1332 ipso
643 1260 737 1330 spatio
750 1260 885 1316 sinebat:
904 1276 967 1332 gna-

112 1381 167 1426 rus,
188 1362 315 1418 modicas
333 1361 408 1416 vires
429 1361 496 1423 sihi,
518 1367 546 1416 et
570 1359 678 1416 maiora
705 1359 784 1415 credi
809 1361 846 1415 de
873 1363 966 1414 ahsen·

111 1461 197 1520 tihus.
239 1461 298 1516 Sed
326 1458 402 1532 legio
429 1467 521 1524 sexta,
545 1468 574 1514 et
590 1459 730 1515 tredecim
753 1457 965 1515 vexillariorum

112 1561 214 1626 millia,
238 1557 350 1632 ingenti
389 1559 504 1631 agmine
536 1561 737 1630 sequebantur.
793 1559 963 1614 Olasseme

113 1659 209 1718 Ponto
241 1655 414 1730 Byzantium
437 1657 516 1727 adigi
548 1651 687 1714 iusserat:
724 1657 876 1729 ambiguus
905 1671 967 1711 oon·
1027 1729 1028 1732 Ἴ

112 1757 179 1819 silli,
214 1774 291 1819 num,
314 1755 420 1812 omissa
462 1755 584 1820 Moesia,
621 1755 838 1828 Dyrrhachium
877 1753 966 1827 pedile
1027 1761 1028 1806 l

112 1858 197 1927 atque
221 1853 327 1926 equite,
347 1854 431 1911 simul
458 1855 551 1926 longis
573 1855 695 1910 nasibus
721 1871 834 1910 versum
861 1853 891 1909 in
919 1854 969 1909 lta·

113 1951 182 2009 liam
213 1969 290 2008 mare
316 1953 475 2018 clauderet,
517 1957 580 2029 tuta¹
604 1971 678 2024 pone
704 1959 815 2026 tergum
859 1951 968 2010 Achaia

115 2050 260 2124 Asiaque:
291 2067 361 2124 quae
393 2051 516 2108 inermes
544 2052 652 2123 exponi
676 2052 810 2118 Vitellio,
838 2052 869 2108 ni
897 2068 969 2124 prae·

112 2148 193 2205 cidiis
217 2149 411 2206 firmarentur:
433 2158 517 2224 atque
531 2149 624 2220 ipsum
650 2150 806 2207 Vitellium
833 2151 865 2207 in
880 2151 966 2207 incer

115 2253 146 2305 to
168 2249 237 2312 lore,
264 2265 347 2321 quam
377 2253 486 2320 partem
526 2249 630 2305 ltaliae
667 2254 840 2322 protegeret,
864 2249 889 2305 si
914 2246 966 2304 sibi

113 2346 297 2404 Brundisium
326 2346 552 2421 Tarentumque,
573 2353 603 2402 et
627 2346 777 2405 Lucaniae
804 2347 967 2404 Calabriae·
1026 2339 1027 2392 l

60 2453 169 2519 8dque
197 2445 280 2502 litora
303 2444 415 2501 inseetis
435 2445 574 2502 classibus
589 2449 763 2517 peterentur.
805 2445 897 2518 lgitur
925 2461 968 2502 ua-

115 2543 206 2610 viam,
242 2543 379 2624 militum,
406 2525 560 2609 armorum,
590 2549 689 2615 paratu
704 2549 833 2616 strepere
860 2543 969 2618 provin-

113 2641 187 2706 ciae.
229 2642 287 2698 Sed
308 2641 380 2698 nihil
401 2658 492 2716 aeque
511 2642 659 2716 fatigabat,
680 2659 764 2715 quam
787 2643 967 2715 pecuniarum
1025 2679 1026 2704 r

113 2736 304 2810 conquisitio:
337 2757 383 2796 eos
412 2757 470 2797 esse
490 2737 555 2796 aedi
580 2737 669 2795 ciuilia
698 2741 967 2804 aercae‘dictitans
1025 2723 1026 2788 i

114 2835 277 2897 Mucianus,
305 2855 363 2894 non
395 2837 440 2894 ius
467 2843 516 2895 aut
550 2855 649 2895 verum
683 2837 713 2894 in
748 2839 966 2910 cognitionibus,

113 2937 163 2992 sed
192 2937 282 2992 solam
313 2937 539 3011 magnitudinem
570 2955 655 3010 opum
686 2940 845 3010 spectabat.
867 2938 966 3012 passim

112 3033 290 3091 delationes:
312 3040 342 3092 et
361 3036 600 3108 locupletissimus
631 3036 748 3110 quisque
775 3035 806 3093 iu
836 3038 964 3109 praedam

113 3131 252 3203 conrepti.
273 3151 346 3204 quae
365 3134 466 3207 gravia
479 3141 564 3208 atque
584 3134 776 3200 intoleranda,
797 3137 848 3192 sed
873 3151 965 3192 neces·

112 3228 197 3283 sitale
218 3245 358 3284 armorum
379 3237 527 3298 excusata,
547 3231 635 3289 etiarn
667 3232 696 3289 in
728 3251 801 3305 pace
821 3251 962 3290 mansere:
1024 3291 1025 3304 χ

111 3326 175 3398 ipso
203 3326 393 3396 Vespasiano,
413 3327 489 3384 inter
508 3329 592 3386 initia
624 3331 752 3402 lmperii,
772 3333 809 3388 ad
840 3333 964 3388 obtinen-
1024 3329 1025 3400 ζ

110 3424 162 3477 des
182 3422 349 3495 iniquitates
372 3425 449 3480 haud
470 3425 592 3498 perinde
608 3429 792 3487 abstinente:
811 3433 907 3489 donec
925 3430 965 3488 iu·
1024 3425 1025 3486 l
