<?xml version="1.0" encoding="UTF-8"?>
<!DOCTYPE html PUBLIC "-//W3C//DTD XHTML 1.0 Transitional//EN"
    "http://www.w3.org/TR/xhtml1/DTD/xhtml1-transitional.dtd">
<html xmlns="http://www.w3.org/1999/xhtml" xml:lang="en" lang="en">
 <head>
  <title>
</title>
<meta http-equiv="Content-Type" content="text/html;charset=utf-8" />
  <meta name='ocr-system' content='tesseract 3.04.00' />
  <meta name='ocr-capabilities' content='ocr_page ocr_carea ocr_par ocr_line ocrx_word'/>
</head>
<body>
  <div class='ocr_page' id='page_1' title='image "./operaexrecensio02tacigoog_0393.png"; bbox 0 0 2114 3830; ppageno 0'>
   <div class='ocr_carea' id='block_1_1' title="bbox 107 159 970 238">
    <p class='ocr_par' dir='ltr' id='par_1_1' title="bbox 107 159 970 238">
     <span class='ocr_line' id='line_1_1' title="bbox 107 159 970 238; baseline 0.006 -10"><span class='ocrx_word' id='word_1_1' title='bbox 107 159 179 230; x_wconf 80' lang='lat'><strong>382</strong></span> <span class='ocrx_word' id='word_1_2' title='bbox 410 181 661 234; x_wconf 79' lang='lat' dir='ltr'><strong>ursuorunnvrr</strong></span> <span class='ocrx_word' id='word_1_3' title='bbox 828 190 858 238; x_wconf 82' lang='lat' dir='ltr'><strong>n.</strong></span> <span class='ocrx_word' id='word_1_4' title='bbox 872 186 904 235; x_wconf 91' lang='lat' dir='ltr'><strong>v.</strong></span> <span class='ocrx_word' id='word_1_5' title='bbox 917 187 970 237; x_wconf 81' lang='lat' dir='ltr'><strong>arr.</strong></span> 
     </span>
    </p>
   </div>
   <div class='ocr_carea' id='block_1_2' title="bbox 105 333 968 512">
    <p class='ocr_par' dir='ltr' id='par_1_2' title="bbox 105 333 968 512">
     <span class='ocr_line' id='line_1_2' title="bbox 105 333 968 412; baseline 0.013 -20"><span class='ocrx_word' id='word_1_6' title='bbox 105 335 173 394; x_wconf 89' lang='lat' dir='ltr'><strong>dam</strong></span> <span class='ocrx_word' id='word_1_7' title='bbox 187 333 365 410; x_wconf 80' lang='lat' dir='ltr'><strong>Principum.</strong></span> <span class='ocrx_word' id='word_1_8' title='bbox 385 341 418 396; x_wconf 89' lang='grc' dir='ltr'><strong>ιιι</strong></span> <span class='ocrx_word' id='word_1_9' title='bbox 443 337 528 412; x_wconf 80' lang='lat' dir='ltr'><strong>primi</strong></span> <span class='ocrx_word' id='word_1_10' title='bbox 554 340 685 412; x_wconf 79' lang='lat' dir='ltr'><strong>posuisse</strong></span> <span class='ocrx_word' id='word_1_11' title='bbox 712 340 824 412; x_wconf 76' lang='lat' dir='ltr'><strong>laelium</strong></span> <span class='ocrx_word' id='word_1_12' title='bbox 839 341 968 403; x_wconf 83' lang='lat' dir='ltr'><strong>videren·</strong></span> 
     </span>
     <span class='ocr_line' id='line_1_3' title="bbox 106 435 967 512; baseline 0.005 -18"><span class='ocrx_word' id='word_1_13' title='bbox 106 441 160 504; x_wconf 85' lang='lat' dir='ltr'><strong>tur,</strong></span> <span class='ocrx_word' id='word_1_14' title='bbox 179 435 211 494; x_wconf 90' lang='lat' dir='ltr'><strong>in</strong></span> <span class='ocrx_word' id='word_1_15' title='bbox 235 435 383 504; x_wconf 87' lang='lat' dir='ltr'><strong>civitates,</strong></span> <span class='ocrx_word' id='word_1_16' title='bbox 410 454 483 512; x_wconf 81' lang='lat' dir='ltr'><strong>quae</strong></span> <span class='ocrx_word' id='word_1_17' title='bbox 515 439 687 498; x_wconf 85' lang='lat' dir='ltr'><strong>societatem</strong></span> <span class='ocrx_word' id='word_1_18' title='bbox 720 440 882 498; x_wconf 78' lang='lat' dir='ltr'><strong>Romanam</strong></span> <span class='ocrx_word' id='word_1_19' title='bbox 909 459 967 498; x_wconf 91' lang='lat' dir='ltr'><strong>non</strong></span> 
     </span>
    </p>
   </div>
   <div class='ocr_carea' id='block_1_3' title="bbox 105 535 969 910">
    <p class='ocr_par' dir='ltr' id='par_1_3' title="bbox 105 535 969 910">
     <span class='ocr_line' id='line_1_4' title="bbox 106 535 969 612; baseline 0.014 -20"><span class='ocrx_word' id='word_1_20' title='bbox 106 540 256 602; x_wconf 83' lang='lat' dir='ltr'><strong>exuerant,</strong></span> <span class='ocrx_word' id='word_1_21' title='bbox 288 535 478 610; x_wconf 73' lang='lat' dir='ltr'><strong>perfugerant.</strong></span> <span class='ocrx_word' id='word_1_22' title='bbox 528 538 675 612; x_wconf 74' lang='lat' dir='ltr'>Legiones</span> <span class='ocrx_word' id='word_1_23' title='bbox 701 539 867 600; x_wconf 78' lang='lat' dir='ltr'><strong>aNonesio</strong></span> <span class='ocrx_word' id='word_1_24' title='bbox 893 541 969 604; x_wconf 80' lang='lat' dir='ltr'><strong>Bou·</strong></span> 
     </span>
     <span class='ocr_line' id='line_1_5' title="bbox 105 633 968 710; baseline 0.007 -18"><span class='ocrx_word' id='word_1_25' title='bbox 105 651 201 708; x_wconf 83' lang='lat' dir='ltr'><strong>nsque</strong></span> <span class='ocrx_word' id='word_1_26' title='bbox 220 633 250 694; x_wconf 92' lang='lat' dir='ltr'><strong>in</strong></span> <span class='ocrx_word' id='word_1_27' title='bbox 275 634 434 702; x_wconf 82' lang='lat' dir='ltr'><strong>Treveros,</strong></span> <span class='ocrx_word' id='word_1_28' title='bbox 449 641 578 710; x_wconf 81' lang='lat' dir='ltr'><strong>utsupra</strong></span> <span class='ocrx_word' id='word_1_29' title='bbox 604 637 838 707; x_wconf 73' lang='lat' dir='ltr'>memoravimus,</span> <span class='ocrx_word' id='word_1_30' title='bbox 858 641 968 698; x_wconf 82' lang='lat' dir='ltr'><strong>traduc·</strong></span> 
     </span>
     <span class='ocr_line' id='line_1_6' title="bbox 107 732 968 812; baseline 0.008 -20"><span class='ocrx_word' id='word_1_31' title='bbox 107 735 164 800; x_wconf 77' lang='lat' dir='ltr'><strong>tae,</strong></span> <span class='ocrx_word' id='word_1_32' title='bbox 183 750 216 790; x_wconf 88' lang='lat' dir='ltr'><strong>ae</strong></span> <span class='ocrx_word' id='word_1_33' title='bbox 235 732 315 808; x_wconf 81' lang='lat' dir='ltr'><strong>ipsae</strong></span> <span class='ocrx_word' id='word_1_34' title='bbox 336 733 367 792; x_wconf 91' lang='lat' dir='ltr'><strong>in</strong></span> <span class='ocrx_word' id='word_1_35' title='bbox 395 737 484 794; x_wconf 84' lang='lat' dir='ltr'><strong>verba</strong></span> <span class='ocrx_word' id='word_1_36' title='bbox 508 735 685 810; x_wconf 70' lang='lat' dir='ltr'>Vespasiani</span> <span class='ocrx_word' id='word_1_37' title='bbox 706 737 835 812; x_wconf 81' lang='lat' dir='ltr'><strong>adigunt.</strong></span> <span class='ocrx_word' id='word_1_38' title='bbox 886 739 968 800; x_wconf 78' lang='lat' dir='ltr'><strong>llaec</strong></span> 
     </span>
     <span class='ocr_line' id='line_1_7' title="bbox 107 825 968 910; baseline 0.009 -22"><span class='ocrx_word' id='word_1_39' title='bbox 107 831 270 892; x_wconf 77' lang='lat' dir='ltr'><strong>Valentino</strong></span> <span class='ocrx_word' id='word_1_40' title='bbox 282 835 402 892; x_wconf 89' lang='lat' dir='ltr'><strong>absente</strong></span> <span class='ocrx_word' id='word_1_41' title='bbox 414 839 514 907; x_wconf 73' lang='lat' dir='ltr'><strong>gesta:</strong></span> <span class='ocrx_word' id='word_1_42' title='bbox 535 835 584 910; x_wconf 89' lang='lat' dir='ltr'><strong>qui</strong></span> <span class='ocrx_word' id='word_1_43' title='bbox 599 825 648 894; x_wconf 84' lang='lat' dir='ltr'><strong>ubi</strong></span> <span class='ocrx_word' id='word_1_44' title='bbox 670 837 850 894; x_wconf 72' lang='lat' dir='ltr'><strong>adventabat</strong></span> <span class='ocrx_word' id='word_1_45' title='bbox 865 837 968 906; x_wconf 82' lang='lat' dir='ltr'><strong>iurans,</strong></span> 
     </span>
    </p>
   </div>
   <div class='ocr_carea' id='block_1_4' title="bbox 55 933 1030 3494">
    <p class='ocr_par' dir='ltr' id='par_1_4' title="bbox 105 933 967 1407">
     <span class='ocr_line' id='line_1_8' title="bbox 106 933 967 1006; baseline 0.01 -18"><span class='ocrx_word' id='word_1_46' title='bbox 106 937 269 1006; x_wconf 82' lang='lat' dir='ltr'><strong>cunctaque</strong></span> <span class='ocrx_word' id='word_1_47' title='bbox 296 949 389 992; x_wconf 84' lang='lat' dir='ltr'><strong>rursus</strong></span> <span class='ocrx_word' id='word_1_48' title='bbox 413 933 443 992; x_wconf 89' lang='lat' dir='ltr'><strong>in</strong></span> <span class='ocrx_word' id='word_1_49' title='bbox 458 935 554 992; x_wconf 85' lang='lat' dir='ltr'><strong>turbas</strong></span> <span class='ocrx_word' id='word_1_50' title='bbox 575 939 606 992; x_wconf 90' lang='lat' dir='ltr'><strong>et</strong></span> <span class='ocrx_word' id='word_1_51' title='bbox 619 934 742 992; x_wconf 82' lang='lat' dir='ltr'><strong>exitium</strong></span> <span class='ocrx_word' id='word_1_52' title='bbox 766 952 967 1004; x_wconf 80' lang='lat' dir='ltr'><strong>conversuros.</strong></span> 
     </span>
     <span class='ocr_line' id='line_1_9' title="bbox 106 1029 967 1104; baseline 0.008 -16"><span class='ocrx_word' id='word_1_53' title='bbox 106 1029 237 1104; x_wconf 73' lang='lat' dir='ltr'><strong>legionen</strong></span> <span class='ocrx_word' id='word_1_54' title='bbox 260 1031 292 1090; x_wconf 93' lang='lat' dir='ltr'><strong>iu</strong></span> <span class='ocrx_word' id='word_1_55' title='bbox 317 1030 563 1099; x_wconf 71' lang='lat' dir='ltr'><strong>Mediomatricos,</strong></span> <span class='ocrx_word' id='word_1_56' title='bbox 588 1034 698 1092; x_wconf 79' lang='lat' dir='ltr'><strong>aoniam</strong></span> <span class='ocrx_word' id='word_1_57' title='bbox 724 1033 889 1103; x_wconf 80' lang='lat' dir='ltr'><strong>civilatem,</strong></span> <span class='ocrx_word' id='word_1_58' title='bbox 907 1037 967 1094; x_wconf 83' lang='lat' dir='ltr'><strong>aba·</strong></span> 
     </span>
     <span class='ocr_line' id='line_1_10' title="bbox 106 1134 967 1197; baseline 0.006 -5"><span class='ocrx_word' id='word_1_59' title='bbox 106 1151 230 1192; x_wconf 84' lang='lat' dir='ltr'><strong>cessere.</strong></span> <span class='ocrx_word' id='word_1_60' title='bbox 272 1134 449 1194; x_wconf 80' lang='lat' dir='ltr'><strong>Valentiam</strong></span> <span class='ocrx_word' id='word_1_61' title='bbox 474 1152 510 1194; x_wconf 87' lang='lat' dir='ltr'><strong>an</strong></span> <span class='ocrx_word' id='word_1_62' title='bbox 538 1135 633 1194; x_wconf 73' lang='lat' dir='ltr'><strong>Tutor</strong></span> <span class='ocrx_word' id='word_1_63' title='bbox 653 1137 686 1194; x_wconf 89' lang='lat' dir='ltr'><strong>in</strong></span> <span class='ocrx_word' id='word_1_64' title='bbox 712 1153 793 1196; x_wconf 82' lang='lat' dir='ltr'><strong>arma</strong></span> <span class='ocrx_word' id='word_1_65' title='bbox 820 1138 967 1197; x_wconf 74' lang='lat' dir='ltr'><strong>&#39;l&#39;rereros</strong></span> 
     </span>
     <span class='ocr_line' id='line_1_11' title="bbox 107 1233 967 1311; baseline 0.005 -19"><span class='ocrx_word' id='word_1_66' title='bbox 107 1235 273 1292; x_wconf 84' lang='lat' dir='ltr'><strong>retrahunt:</strong></span> <span class='ocrx_word' id='word_1_67' title='bbox 301 1233 408 1292; x_wconf 85' lang='lat' dir='ltr'><strong>oneisia</strong></span> <span class='ocrx_word' id='word_1_68' title='bbox 433 1233 584 1304; x_wconf 81' lang='lat' dir='ltr'><strong>Herennio</strong></span> <span class='ocrx_word' id='word_1_69' title='bbox 609 1251 645 1292; x_wconf 88' lang='lat' dir='ltr'><strong>ae</strong></span> <span class='ocrx_word' id='word_1_70' title='bbox 670 1236 815 1303; x_wconf 84' lang='lat' dir='ltr'><strong>Numisio,</strong></span> <span class='ocrx_word' id='word_1_71' title='bbox 843 1237 967 1311; x_wconf 79' lang='lat' dir='ltr'><strong>Legnlis,</strong></span> 
     </span>
     <span class='ocr_line' id='line_1_12' title="bbox 105 1331 964 1407; baseline 0.005 -17"><span class='ocrx_word' id='word_1_72' title='bbox 105 1349 163 1407; x_wconf 77' lang='lat' dir='ltr'><strong>quo</strong></span> <span class='ocrx_word' id='word_1_73' title='bbox 183 1331 293 1390; x_wconf 88' lang='lat' dir='ltr'><strong>minore</strong></span> <span class='ocrx_word' id='word_1_74' title='bbox 319 1349 371 1406; x_wconf 83' lang='lat' dir='ltr'><strong>spe</strong></span> <span class='ocrx_word' id='word_1_75' title='bbox 385 1332 651 1394; x_wconf 86' lang='lat' dir='ltr'><strong>veninc.nresceret</strong></span> <span class='ocrx_word' id='word_1_76' title='bbox 667 1335 815 1394; x_wconf 85' lang='lat' dir='ltr'><strong>vinculum</strong></span> <span class='ocrx_word' id='word_1_77' title='bbox 840 1335 964 1394; x_wconf 83' lang='lat' dir='ltr'><strong>sceleris.</strong></span> 
     </span>
    </p>

    <p class='ocr_par' dir='ltr' id='par_1_5' title="bbox 55 1417 1030 3494">
     <span class='ocr_line' id='line_1_13' title="bbox 55 1417 967 1509; baseline 0.003 -17"><span class='ocrx_word' id='word_1_78' title='bbox 55 1417 92 1480; x_wconf 82' lang='lat'><strong>⁷1</strong></span> <span class='ocrx_word' id='word_1_79' title='bbox 108 1433 167 1492; x_wconf 77' lang='lat' dir='ltr'><strong>un</strong></span> <span class='ocrx_word' id='word_1_80' title='bbox 181 1433 438 1498; x_wconf 65' lang='lat' dir='ltr'><strong>bertrannum,</strong></span> <span class='ocrx_word' id='word_1_81' title='bbox 457 1449 525 1490; x_wconf 69' lang='lat' dir='ltr'><strong>sum</strong></span> <span class='ocrx_word' id='word_1_82' title='bbox 553 1433 676 1492; x_wconf 69' lang='lat' dir='ltr'><strong>retium</strong></span> <span class='ocrx_word' id='word_1_83' title='bbox 700 1434 826 1492; x_wconf 69' lang='lat' dir='ltr'><strong>ceram</strong></span> <span class='ocrx_word' id='word_1_84' title='bbox 851 1434 967 1509; x_wconf 66' lang='lat' dir='ltr'><strong>ungor</strong></span> 
     </span>
     <span class='ocr_line' id='line_1_14' title="bbox 107 1532 966 1606; baseline -0.002 -14"><span class='ocrx_word' id='word_1_85' title='bbox 107 1533 217 1592; x_wconf 81' lang='lat' dir='ltr'><strong>liscum</strong></span> <span class='ocrx_word' id='word_1_86' title='bbox 231 1532 323 1590; x_wconf 84' lang='lat' dir='ltr'><strong>venit.</strong></span> <span class='ocrx_word' id='word_1_87' title='bbox 335 1532 415 1591; x_wconf 74' lang='lat' dir='ltr'><strong>¹iiius</strong></span> <span class='ocrx_word' id='word_1_88' title='bbox 429 1534 558 1590; x_wconf 83' lang='lat' dir='ltr'><strong>adventu</strong></span> <span class='ocrx_word' id='word_1_89' title='bbox 583 1538 699 1590; x_wconf 82' lang='lat' dir='ltr'><strong>erectae</strong></span> <span class='ocrx_word' id='word_1_90' title='bbox 712 1550 787 1606; x_wconf 80' lang='lat' dir='ltr'><strong>spes.</strong></span> <span class='ocrx_word' id='word_1_91' title='bbox 830 1535 900 1606; x_wconf 76' lang='lat' dir='ltr'><strong>[nee</strong></span> <span class='ocrx_word' id='word_1_92' title='bbox 922 1551 966 1606; x_wconf 80' lang='lat' dir='ltr'><strong>pu</strong></span> 
     </span>
     <span class='ocr_line' id='line_1_15' title="bbox 107 1632 969 1708; baseline -0.002 -16"><span class='ocrx_word' id='word_1_93' title='bbox 107 1651 183 1708; x_wconf 72' lang='lat' dir='ltr'><strong>gnae</strong></span> <span class='ocrx_word' id='word_1_94' title='bbox 204 1633 317 1700; x_wconf 90' lang='lat' dir='ltr'><strong>avidus,</strong></span> <span class='ocrx_word' id='word_1_95' title='bbox 330 1638 360 1690; x_wconf 91' lang='lat' dir='ltr'><strong>et</strong></span> <span class='ocrx_word' id='word_1_96' title='bbox 378 1632 609 1699; x_wconf 76' lang='lat' dir='ltr'><strong>contemnendis,</strong></span> <span class='ocrx_word' id='word_1_97' title='bbox 630 1649 715 1706; x_wconf 86' lang='lat' dir='ltr'><strong>qoam</strong></span> <span class='ocrx_word' id='word_1_98' title='bbox 741 1633 896 1698; x_wconf 83' lang='lat' dir='ltr'><strong>cavendis,</strong></span> <span class='ocrx_word' id='word_1_99' title='bbox 908 1634 969 1690; x_wconf 77' lang='lat' dir='ltr'><strong>uns</strong></span> 
     </span>
     <span class='ocr_line' id='line_1_16' title="bbox 108 1731 968 1800; baseline -0.003 -10"><span class='ocrx_word' id='word_1_100' title='bbox 108 1732 185 1790; x_wconf 87' lang='lat' dir='ltr'><strong>libus</strong></span> <span class='ocrx_word' id='word_1_101' title='bbox 208 1732 319 1800; x_wconf 84' lang='lat' dir='ltr'><strong>melior,</strong></span> <span class='ocrx_word' id='word_1_102' title='bbox 333 1731 440 1790; x_wconf 88' lang='lat' dir='ltr'><strong>lerooia</strong></span> <span class='ocrx_word' id='word_1_103' title='bbox 457 1733 608 1790; x_wconf 84' lang='lat' dir='ltr'><strong>verborum</strong></span> <span class='ocrx_word' id='word_1_104' title='bbox 632 1731 755 1790; x_wconf 87' lang='lat' dir='ltr'><strong>militem</strong></span> <span class='ocrx_word' id='word_1_105' title='bbox 773 1732 968 1790; x_wconf 74' lang='lat' dir='ltr'><strong>incendebat:</strong></span> 
     </span>
     <span class='ocr_line' id='line_1_17' title="bbox 107 1830 1030 1904; baseline 0.002 -16"><span class='ocrx_word' id='word_1_106' title='bbox 107 1831 157 1888; x_wconf 86' lang='lat' dir='ltr'><strong>ubi</strong></span> <span class='ocrx_word' id='word_1_107' title='bbox 179 1831 300 1904; x_wconf 79' lang='lat' dir='ltr'><strong>primum</strong></span> <span class='ocrx_word' id='word_1_108' title='bbox 319 1830 459 1904; x_wconf 77' lang='lat' dir='ltr'><strong>congredi</strong></span> <span class='ocrx_word' id='word_1_109' title='bbox 480 1830 619 1898; x_wconf 86' lang='lat' dir='ltr'><strong>licuisset,</strong></span> <span class='ocrx_word' id='word_1_110' title='bbox 643 1832 751 1888; x_wconf 85' lang='lat' dir='ltr'><strong>nullam</strong></span> <span class='ocrx_word' id='word_1_111' title='bbox 774 1830 888 1902; x_wconf 85' lang='lat' dir='ltr'><strong>proelio</strong></span> <span class='ocrx_word' id='word_1_112' title='bbox 914 1848 969 1890; x_wconf 82' lang='lat' dir='ltr'><strong>mo</strong></span> <span class='ocrx_word' id='word_1_113' title='bbox 1029 1867 1030 1890; x_wconf 62' lang='grc' dir='ltr'>ι</span> 
     </span>
     <span class='ocr_line' id='line_1_18' title="bbox 107 1927 970 2002; baseline 0 -14"><span class='ocrx_word' id='word_1_114' title='bbox 107 1947 169 1988; x_wconf 87' lang='lat' dir='ltr'><strong>ram</strong></span> <span class='ocrx_word' id='word_1_115' title='bbox 183 1929 317 1988; x_wconf 87' lang='lat' dir='ltr'><strong>lactarus.</strong></span> <span class='ocrx_word' id='word_1_116' title='bbox 339 1931 480 1988; x_wconf 85' lang='lat' dir='ltr'><strong>Deiectus</strong></span> <span class='ocrx_word' id='word_1_117' title='bbox 502 1947 554 2002; x_wconf 81' lang='lat' dir='ltr'><strong>per</strong></span> <span class='ocrx_word' id='word_1_118' title='bbox 567 1928 696 1988; x_wconf 82' lang='lat' dir='ltr'><strong>Galliam</strong></span> <span class='ocrx_word' id='word_1_119' title='bbox 716 1927 830 1988; x_wconf 82' lang='lat' dir='ltr'><strong>habitos</strong></span> <span class='ocrx_word' id='word_1_120' title='bbox 854 1929 885 1990; x_wconf 92' lang='lat' dir='ltr'><strong>in</strong></span> <span class='ocrx_word' id='word_1_121' title='bbox 899 1929 970 1988; x_wconf 83' lang='lat' dir='ltr'><strong>ciui</strong></span> 
     </span>
     <span class='ocr_line' id='line_1_19' title="bbox 108 2027 969 2102; baseline -0.002 -14"><span class='ocrx_word' id='word_1_122' title='bbox 108 2033 183 2088; x_wconf 87' lang='lat' dir='ltr'><strong>lates</strong></span> <span class='ocrx_word' id='word_1_123' title='bbox 195 2027 326 2097; x_wconf 84' lang='lat' dir='ltr'><strong>remittit,</strong></span> <span class='ocrx_word' id='word_1_124' title='bbox 347 2045 382 2086; x_wconf 86' lang='lat' dir='ltr'><strong>ao</strong></span> <span class='ocrx_word' id='word_1_125' title='bbox 407 2028 540 2086; x_wconf 84' lang='lat' dir='ltr'><strong>nuntiare</strong></span> <span class='ocrx_word' id='word_1_126' title='bbox 563 2027 652 2096; x_wconf 89' lang='lat' dir='ltr'><strong>iubet,</strong></span> <span class='ocrx_word' id='word_1_127' title='bbox 666 2028 814 2086; x_wconf 80' lang='lat' dir='ltr'><strong>‘sufficere</strong></span> <span class='ocrx_word' id='word_1_128' title='bbox 843 2027 969 2102; x_wconf 82' lang='lat' dir='ltr'><strong>imperio</strong></span> 
     </span>
     <span class='ocr_line' id='line_1_20' title="bbox 108 2126 1029 2205; baseline -0.004 -17"><span class='ocrx_word' id='word_1_129' title='bbox 108 2128 348 2205; x_wconf 75' lang='lat' dir='ltr'><strong>‘legioneasoeii</strong></span> <span class='ocrx_word' id='word_1_130' title='bbox 361 2130 398 2186; x_wconf 82' lang='lat' dir='ltr'><strong>sd</strong></span> <span class='ocrx_word' id='word_1_131' title='bbox 420 2127 519 2186; x_wconf 88' lang='lat' dir='ltr'><strong>munia</strong></span> <span class='ocrx_word' id='word_1_132' title='bbox 541 2127 622 2200; x_wconf 79' lang='lat' dir='ltr'><strong>pacis</strong></span> <span class='ocrx_word' id='word_1_133' title='bbox 643 2126 779 2194; x_wconf 81' lang='lat' dir='ltr'><strong>redirent,</strong></span> <span class='ocrx_word' id='word_1_134' title='bbox 792 2128 900 2194; x_wconf 74' lang='lat' dir='ltr'><strong>securi,</strong></span> <span class='ocrx_word' id='word_1_135' title='bbox 912 2129 971 2185; x_wconf 84' lang='lat' dir='ltr'><strong>vel·</strong></span> <span class='ocrx_word' id='word_1_136' title='bbox 1028 2147 1029 2160; x_wconf 46' lang='grc' dir='ltr'>ι</span> 
     </span>
     <span class='ocr_line' id='line_1_21' title="bbox 109 2224 970 2301; baseline -0.005 -13"><span class='ocrx_word' id='word_1_137' title='bbox 109 2235 160 2288; x_wconf 88' lang='lat' dir='ltr'><strong>‘nt</strong></span> <span class='ocrx_word' id='word_1_138' title='bbox 169 2229 304 2290; x_wconf 86' lang='lat' dir='ltr'><strong>conlecto</strong></span> <span class='ocrx_word' id='word_1_139' title='bbox 314 2231 400 2295; x_wconf 86' lang='lat' dir='ltr'><strong>bello,</strong></span> <span class='ocrx_word' id='word_1_140' title='bbox 409 2228 484 2301; x_wconf 82' lang='lat' dir='ltr'><strong>quod</strong></span> <span class='ocrx_word' id='word_1_141' title='bbox 494 2227 643 2286; x_wconf 74' lang='lat' dir='ltr'><strong>Romam</strong></span> <span class='ocrx_word' id='word_1_142' title='bbox 655 2224 970 2300; x_wconf 77' lang='lat' dir='ltr'><strong>mannaexoeniasent&#39;</strong></span> 
     </span>
     <span class='ocr_line' id='line_1_22' title="bbox 109 2326 971 2401; baseline -0.006 -12"><span class='ocrx_word' id='word_1_143' title='bbox 109 2330 205 2390; x_wconf 75' lang='lat' dir='ltr'><strong>Auxit</strong></span> <span class='ocrx_word' id='word_1_144' title='bbox 231 2347 267 2388; x_wconf 87' lang='lat' dir='ltr'><strong>ea</strong></span> <span class='ocrx_word' id='word_1_145' title='bbox 286 2347 332 2388; x_wconf 90' lang='lat' dir='ltr'><strong>res</strong></span> <span class='ocrx_word' id='word_1_146' title='bbox 355 2328 506 2386; x_wconf 77' lang='lat' dir='ltr'><strong>Gallorum</strong></span> <span class='ocrx_word' id='word_1_147' title='bbox 528 2326 718 2401; x_wconf 68' lang='lat' dir='ltr'><strong>obsquium:</strong></span> <span class='ocrx_word' id='word_1_148' title='bbox 748 2343 825 2393; x_wconf 81' lang='lat' dir='ltr'><strong>nam,</strong></span> <span class='ocrx_word' id='word_1_149' title='bbox 853 2331 971 2400; x_wconf 85' lang='lat' dir='ltr'><strong>recepta</strong></span> 
     </span>
     <span class='ocr_line' id='line_1_23' title="bbox 108 2424 969 2498; baseline -0.007 -10"><span class='ocrx_word' id='word_1_150' title='bbox 108 2429 270 2496; x_wconf 84' lang='lat' dir='ltr'><strong>iuventute,</strong></span> <span class='ocrx_word' id='word_1_151' title='bbox 289 2428 406 2488; x_wconf 84' lang='lat' dir='ltr'><strong>lucilius</strong></span> <span class='ocrx_word' id='word_1_152' title='bbox 429 2426 535 2485; x_wconf 82' lang='lat' dir='ltr'><strong>tribula</strong></span> <span class='ocrx_word' id='word_1_153' title='bbox 561 2429 731 2493; x_wconf 80' lang='lat' dir='ltr'><strong>toleravere,</strong></span> <span class='ocrx_word' id='word_1_154' title='bbox 754 2424 907 2498; x_wconf 80' lang='lat' dir='ltr'><strong>proniores</strong></span> <span class='ocrx_word' id='word_1_155' title='bbox 933 2425 969 2482; x_wconf 80' lang='lat' dir='ltr'><strong>ed</strong></span> 
     </span>
     <span class='ocr_line' id='line_1_24' title="bbox 108 2523 971 2604; baseline -0.008 -15"><span class='ocrx_word' id='word_1_156' title='bbox 108 2530 214 2596; x_wconf 61' lang='lat' dir='ltr'><strong>officim</strong></span> <span class='ocrx_word' id='word_1_157' title='bbox 233 2529 308 2604; x_wconf 85' lang='lat' dir='ltr'><strong>quod</strong></span> <span class='ocrx_word' id='word_1_158' title='bbox 321 2528 539 2602; x_wconf 82' lang='lat' dir='ltr'><strong>spernebantur.</strong></span> <span class='ocrx_word' id='word_1_159' title='bbox 578 2524 786 2584; x_wconf 69' lang='lat' dir='ltr'><strong>arcivilum</strong></span> <span class='ocrx_word' id='word_1_160' title='bbox 812 2523 971 2592; x_wconf 75' lang='lat' dir='ltr'><strong>Classicum.</strong></span> 
     </span>
     <span class='ocr_line' id='line_1_25' title="bbox 109 2620 972 2704; baseline -0.007 -18"><span class='ocrx_word' id='word_1_161' title='bbox 109 2628 160 2686; x_wconf 85' lang='lat' dir='ltr'><strong>ubi</strong></span> <span class='ocrx_word' id='word_1_162' title='bbox 176 2626 288 2704; x_wconf 72' lang='lat' dir='ltr'><strong>polana</strong></span> <span class='ocrx_word' id='word_1_163' title='bbox 307 2623 449 2695; x_wconf 71' lang='lat' dir='ltr'><strong>Tutorem.</strong></span> <span class='ocrx_word' id='word_1_164' title='bbox 468 2641 561 2684; x_wconf 73' lang='lat' dir='ltr'><strong>oceane</strong></span> <span class='ocrx_word' id='word_1_165' title='bbox 590 2621 734 2704; x_wconf 69' lang='lat' dir='ltr'><strong>Temno,</strong></span> <span class='ocrx_word' id='word_1_166' title='bbox 759 2628 860 2682; x_wconf 69' lang='lat' dir='ltr'><strong>mola</strong></span> <span class='ocrx_word' id='word_1_167' title='bbox 889 2620 972 2680; x_wconf 62' lang='lat' dir='ltr'><strong>noel</strong></span> 
     </span>
     <span class='ocr_line' id='line_1_26' title="bbox 106 2723 970 2804; baseline -0.005 -20"><span class='ocrx_word' id='word_1_168' title='bbox 106 2725 163 2786; x_wconf 78' lang='lat' dir='ltr'><strong>dua</strong></span> <span class='ocrx_word' id='word_1_169' title='bbox 179 2743 316 2804; x_wconf 68' lang='lat' dir='ltr'><strong>praem</strong></span> <span class='ocrx_word' id='word_1_170' title='bbox 338 2743 488 2800; x_wconf 81' lang='lat' dir='ltr'><strong>accepere,</strong></span> <span class='ocrx_word' id='word_1_171' title='bbox 514 2723 619 2797; x_wconf 81' lang='lat' dir='ltr'><strong>trepidi</strong></span> <span class='ocrx_word' id='word_1_172' title='bbox 632 2739 670 2780; x_wconf 87' lang='lat' dir='ltr'><strong>ne</strong></span> <span class='ocrx_word' id='word_1_173' title='bbox 694 2725 889 2796; x_wconf 80' lang='lat' dir='ltr'><strong>properantes,</strong></span> <span class='ocrx_word' id='word_1_174' title='bbox 902 2723 970 2780; x_wconf 88' lang='lat' dir='ltr'><strong>dum</strong></span> 
     </span>
     <span class='ocr_line' id='line_1_27' title="bbox 108 2821 969 2899; baseline -0.007 -15"><span class='ocrx_word' id='word_1_175' title='bbox 108 2826 252 2899; x_wconf 68' lang='lat' dir='ltr'><strong>dispersas</strong></span> <span class='ocrx_word' id='word_1_176' title='bbox 275 2843 389 2884; x_wconf 86' lang='lat' dir='ltr'><strong>auorum</strong></span> <span class='ocrx_word' id='word_1_177' title='bbox 414 2825 514 2899; x_wconf 76' lang='lat' dir='ltr'><strong>eonius</strong></span> <span class='ocrx_word' id='word_1_178' title='bbox 533 2824 710 2889; x_wconf 78' lang='grc' dir='ltr'>ωιιιιιιιιιιιιι,</span> <span class='ocrx_word' id='word_1_179' title='bbox 730 2821 837 2880; x_wconf 81' lang='lat' dir='ltr'><strong>crebris</strong></span> <span class='ocrx_word' id='word_1_180' title='bbox 851 2821 969 2880; x_wconf 81' lang='lat' dir='ltr'><strong>interim</strong></span> 
     </span>
     <span class='ocr_line' id='line_1_28' title="bbox 109 2917 1026 2997; baseline -0.01 -12"><span class='ocrx_word' id='word_1_181' title='bbox 109 2925 219 2984; x_wconf 78' lang='lat' dir='ltr'><strong>nuntiis</strong></span> <span class='ocrx_word' id='word_1_182' title='bbox 245 2925 438 2984; x_wconf 79' lang='lat' dir='ltr'><strong>Valentinum</strong></span> <span class='ocrx_word' id='word_1_183' title='bbox 464 2939 608 2991; x_wconf 76' lang='lat' dir='ltr'><strong>morumne,</strong></span> <span class='ocrx_word' id='word_1_184' title='bbox 628 2939 662 2980; x_wconf 82' lang='lat' dir='ltr'><strong>aa</strong></span> <span class='ocrx_word' id='word_1_185' title='bbox 690 2918 876 2978; x_wconf 72' lang='grc' dir='ltr'>ιιιιιιιιιιιι-τιιι·</span> <span class='ocrx_word' id='word_1_186' title='bbox 897 2917 969 2997; x_wconf 73' lang='lat' dir='ltr'><strong>neri</strong></span> <span class='ocrx_word' id='word_1_187' title='bbox 1025 2939 1026 2944; x_wconf 46' lang='lat'>¹</span> 
     </span>
     <span class='ocr_line' id='line_1_29' title="bbox 109 3013 967 3103; baseline -0.007 -21"><span class='ocrx_word' id='word_1_188' title='bbox 109 3023 203 3083; x_wconf 73' lang='lat' dir='ltr'><strong>enirm</strong></span> <span class='ocrx_word' id='word_1_189' title='bbox 217 3023 337 3103; x_wconf 74' lang='lat' dir='ltr'><strong>fuceret</strong></span> <span class='ocrx_word' id='word_1_190' title='bbox 377 3024 425 3082; x_wconf 83' lang='lat' dir='ltr'><strong>Eo</strong></span> <span class='ocrx_word' id='word_1_191' title='bbox 442 3022 568 3096; x_wconf 80' lang='lat' dir='ltr'><strong>rapidior</strong></span> <span class='ocrx_word' id='word_1_192' title='bbox 589 3020 721 3088; x_wconf 78' lang='lat' dir='ltr'><strong>cerialis.</strong></span> <span class='ocrx_word' id='word_1_193' title='bbox 741 3013 882 3078; x_wconf 86' lang='lat' dir='ltr'><strong>missisin</strong></span> <span class='ocrx_word' id='word_1_194' title='bbox 906 3018 967 3078; x_wconf 81' lang='lat' dir='ltr'><strong>Me·</strong></span> 
     </span>
     <span class='ocr_line' id='line_1_30' title="bbox 109 3119 1025 3209; baseline -0.007 -26"><span class='ocrx_word' id='word_1_195' title='bbox 109 3125 301 3190; x_wconf 86' lang='lat' dir='ltr'><strong>diomatrinos,</strong></span> <span class='ocrx_word' id='word_1_196' title='bbox 321 3122 370 3194; x_wconf 80' lang='lat' dir='ltr'><strong>oui</strong></span> <span class='ocrx_word' id='word_1_197' title='bbox 394 3123 528 3182; x_wconf 85' lang='lat' dir='ltr'><strong>breviore</strong></span> <span class='ocrx_word' id='word_1_198' title='bbox 550 3121 655 3180; x_wconf 85' lang='lat' dir='ltr'><strong>itinere</strong></span> <span class='ocrx_word' id='word_1_199' title='bbox 668 3120 798 3194; x_wconf 74' lang='lat' dir='ltr'><strong>legiones</strong></span> <span class='ocrx_word' id='word_1_200' title='bbox 810 3119 842 3177; x_wconf 92' lang='lat' dir='ltr'><strong>in</strong></span> <span class='ocrx_word' id='word_1_201' title='bbox 855 3119 967 3178; x_wconf 79' lang='lat' dir='ltr'><strong>hostem</strong></span> <span class='ocrx_word' id='word_1_202' title='bbox 1024 3179 1025 3209; x_wconf 25' lang='lat'>¹</span> 
     </span>
     <span class='ocr_line' id='line_1_31' title="bbox 110 3217 967 3294; baseline -0.007 -14"><span class='ocrx_word' id='word_1_203' title='bbox 110 3229 266 3288; x_wconf 86' lang='lat' dir='ltr'><strong>verterent,</strong></span> <span class='ocrx_word' id='word_1_204' title='bbox 289 3225 440 3278; x_wconf 83' lang='lat' dir='ltr'><strong>contracto</strong></span> <span class='ocrx_word' id='word_1_205' title='bbox 462 3221 538 3294; x_wconf 83' lang='lat' dir='ltr'><strong>qued</strong></span> <span class='ocrx_word' id='word_1_206' title='bbox 560 3225 624 3278; x_wconf 85' lang='lat' dir='ltr'><strong>erat</strong></span> <span class='ocrx_word' id='word_1_207' title='bbox 653 3219 778 3278; x_wconf 87' lang='lat' dir='ltr'><strong>militnm</strong></span> <span class='ocrx_word' id='word_1_208' title='bbox 806 3217 967 3292; x_wconf 77' lang='lat' dir='ltr'><strong>Mogontia·</strong></span> 
     </span>
     <span class='ocr_line' id='line_1_32' title="bbox 108 3314 968 3395; baseline -0.001 -18"><span class='ocrx_word' id='word_1_209' title='bbox 108 3324 146 3388; x_wconf 85' lang='lat' dir='ltr'><strong>ni,</strong></span> <span class='ocrx_word' id='word_1_210' title='bbox 166 3326 358 3395; x_wconf 81' lang='lat' dir='ltr'><strong>quantumque</strong></span> <span class='ocrx_word' id='word_1_211' title='bbox 387 3335 486 3376; x_wconf 83' lang='lat' dir='ltr'><strong>seeum</strong></span> <span class='ocrx_word' id='word_1_212' title='bbox 512 3324 721 3388; x_wconf 75' lang='lat' dir='ltr'><strong>transvexerat,</strong></span> <span class='ocrx_word' id='word_1_213' title='bbox 748 3317 842 3376; x_wconf 86' lang='lat' dir='ltr'><strong>tertiis</strong></span> <span class='ocrx_word' id='word_1_214' title='bbox 867 3314 968 3376; x_wconf 82' lang='lat' dir='ltr'><strong>castris</strong></span> 
     </span>
     <span class='ocr_line' id='line_1_33' title="bbox 108 3416 1024 3494; baseline 0.001 -19"><span class='ocrx_word' id='word_1_215' title='bbox 108 3418 281 3490; x_wconf 82' lang='lat' dir='ltr'><strong>Rigodulum</strong></span> <span class='ocrx_word' id='word_1_216' title='bbox 304 3416 402 3485; x_wconf 79' lang='lat' dir='ltr'><strong>venit3</strong></span> <span class='ocrx_word' id='word_1_217' title='bbox 423 3433 508 3490; x_wconf 89' lang='lat' dir='ltr'><strong>quem</strong></span> <span class='ocrx_word' id='word_1_218' title='bbox 529 3419 626 3476; x_wconf 82' lang='lat' dir='ltr'><strong>looum</strong></span> <span class='ocrx_word' id='word_1_219' title='bbox 652 3434 759 3494; x_wconf 71' lang='lat' dir='ltr'><strong>magna</strong></span> <span class='ocrx_word' id='word_1_220' title='bbox 773 3417 967 3476; x_wconf 80' lang='lat' dir='ltr'><strong>Treverorum</strong></span> <span class='ocrx_word' id='word_1_221' title='bbox 1023 3455 1024 3466; x_wconf 49' lang='grc' dir='ltr'>ι</span> 
     </span>
    </p>
   </div>
   <div class='ocr_carea' id='block_1_5' title="bbox 0 0 1063 3830">
    <p class='ocr_par' dir='ltr' id='par_1_6' title="bbox 0 0 1063 3830">
     <span class='ocr_line' id='line_1_34' title="bbox 0 0 1063 3830; baseline 0 0"><span class='ocrx_word' id='word_1_222' title='bbox 0 0 1063 3830; x_wconf 95' lang='lat' dir='ltr'><strong> </strong></span> 
     </span>
    </p>
   </div>
  </div>
 </body>
</html>
