2090 3838
98 197 207 246 acra
307 195 433 244 crc.1r.
482 197 560 244 cae.
592 175 759 245 od-ru
875 177 947 246 239

95 349 151 416 lius,
172 353 295 410 Senatus
322 352 479 425 legatione,
501 349 586 426 qr'raur
613 352 655 408 ibi
665 353 790 426 opperiri
817 353 952 422 iusserat,

95 450 188 516 ancira,
202 458 395 524 transgressus
423 453 452 507 in
477 459 582 517 costra,
604 455 679 508 ultro
702 452 860 524 ‘pictatem
876 453 949 511 rnili-

95 548 174 605 ‘tum'
193 551 401 608 conlaudavit:
421 550 609 607 trementibus
623 551 749 613 auxiliis,
764 557 891 608 ‘tantum
907 553 948 610 in-

100 648 247 720 ‘puuitatis
271 657 357 723 atque
382 649 568 722 adrogantiae
593 650 758 723 legionariis
772 648 950 708 accessisse?

96 745 226 803 Cohortes
243 749 429 812 Batavorum,
452 750 569 823 nequid
592 749 780 805 truculentius
801 749 949 818 auderent,

93 844 119 902 io
138 846 322 903 Germaniam
346 850 501 916 remissae3
530 848 703 920 principium
726 849 842 905 interno
863 849 948 905 simul

92 950 257 1019 externoque
273 948 350 1001 bello
371 947 537 1018 parantibus
551 947 626 1003 latis.
670 948 796 1004 Reddita
820 947 948 1004 civitati·

92 1043 136 1098 bus
149 1045 297 1102 Gallorum
311 1045 430 1111 auxilia,
445 1046 548 1119 iugens
570 1063 711 1110 numerus,
736 1054 765 1102 ct
780 1047 948 1121 primasiu-

91 1141 309 1200 tinrdeiectiorre
325 1145 400 1200 inter
425 1144 524 1201 inania
550 1145 619 1202 belli
642 1147 817 1218 adsumptus.
860 1145 946 1204 Cete-

91 1257 153 1302 rum,
185 1250 214 1298 ut
242 1243 441 1316 largitionibus
469 1244 615 1302 adiectae.
634 1245 692 1300 iam
721 1245 838 1317 lmpcrii
875 1263 945 1318 open

91 1339 251 1406 sufficerent,
277 1342 440 1414 ‘amputari
466 1343 612 1416 legionum
639 1344 866 1418 auxiliorumque
895 1363 945 1402 nu·

90 1439 197 1498 ‘meros’
220 1441 311 1506 iubet,
334 1441 434 1497 vetitis
456 1443 680 1514 supplementis:
711 1449 740 1499 et
765 1443 945 1514 promiscuae

87 1538 226 1597 missiones
259 1541 461 1598 onerabantur.
494 1519 647 1598 exitiabile
676 1542 706 1598 ia
744 1541 946 1612 Reipublicae,

87 1634 217 1708 ingratum
251 1639 348 1704 militi,
381 1641 430 1696 cni
457 1641 559 1696 eadem
588 1639 686 1697 munia
724 1639 800 1696 inter
828 1654 944 1711 paucos,

87 1736 258 1812 periculaque
292 1753 328 1794 ac
357 1741 437 1794 labor
469 1739 597 1796 crebrius
632 1739 773 1795 redibant.
807 1743 837 1794 et
867 1738 944 1796 vires

88 1834 149 1891 luxu
170 1838 443 1907 conrumpebantur,
468 1843 570 1894 contra
596 1841 725 1894 veterem
750 1837 944 1910 disciplinam,

87 1938 112 1988 et
142 1933 270 1992 institute
299 1936 456 2004 maiorum
493 1937 569 2008 apud
604 1953 674 2009 quos
707 1937 823 2006 virtute,
857 1957 942 2013 quarn

87 2034 207 2102 pecunia,
228 2051 273 2091 res
296 2035 427 2091 Romana
453 2036 555 2092 melius
582 2036 671 2092 stetit.
713 2037 786 2094 Inde
801 2033 995 2119 Vitelliusitl

88 2127 249 2189 Cremonam
284 2133 375 2198 flexit,
402 2139 442 2198 et,
476 2139 608 2206 spectato
636 2151 754 2192 munere
783 2137 942 2204 Caecinae,
990 2124 1004 2136 U

86 2225 206 2288 insistere
219 2231 466 2288 'Bedriacensibus
489 2234 610 2306 campis,
635 2251 670 2291 ao
696 2234 819 2307 vestigia
843 2251 941 2292 recen·

87 2324 119 2382 tis
141 2329 278 2387 victoriae
307 2332 428 2388 lustrare
455 2333 547 2388 oculis
574 2333 754 2406 concupivit.
810 2333 941 2390 Foedum

63 2429 254 2510 *atqueatrox
276 2431 485 2501 spectaculum.
508 2430 583 2487 inira
609 2429 858 2506 quadragesimum
874 2449 941 2506 pug-

84 2539 133 2580 nae
157 2528 233 2586 diem
262 2530 359 2584 lacera
385 2545 515 2602 corpora,
543 2530 637 2586 trunci
659 2536 745 2596 artus,
774 2535 869 2602 putres
897 2531 940 2588 vi·

83 2637 167 2683 rorum
199 2644 392 2702 equorumque
427 2628 544 2694 formae,
578 2629 687 2685 inlecta
721 2630 788 2714 tabo
828 2630 939 2697 humus,

87 2724 201 2791 protritis
235 2726 384 2784 arboribus
412 2744 447 2784 ac
468 2727 605 2802 frugibus,
631 2728 693 2784 dira
722 2728 857 2808 vastitas.¹
882 2747 938 2788 uec

84 2819 167 2880 minus
181 2824 339 2882 inhumana
363 2843 428 2899 pars
442 2829 519 2892 viae,
539 2845 625 2900 quam
640 2827 852 2886 Cremonenses
880 2832 937 2888 lau-

84 2923 251 2998 torosisque
276 2929 506 2991 constraverunt,
530 2926 685 2983 exstructis
712 2928 849 2986 altaribus
873 2947 938 2988 cae·

82 3015 166 3094 sisque
186 3021 324 3091 victimis,
352 3024 476 3097 Regium
502 3023 532 3081 in
561 3041 686 3082 morem:
708 3045 789 3102 quae,
805 3031 881 3087 laeta
905 3029 936 3086 iu

106 3191 164 3242 luter
175 3196 253 3244 inania
268 3198 330 3258 balb]
346 3197 368 3244 h.
380 3212 401 3244 e.
418 3213 475 3260 quae
490 3199 584 3260 speciem
600 3201 669 3260 magis
683 3201 805 3248 terribilem
820 3203 936 3258 haberent,

83 3263 140 3307 quam
149 3255 200 3302 vim.
231 3257 267 3303 Ea
281 3257 364 3317 species
381 3261 416 3304 est
430 3259 498 3304 etiam
514 3261 536 3306 in
553 3259 695 3307 multitudiue
710 3261 842 3320 copiarum:
856 3268 880 3306 et
895 3263 943 3306 bac¹

78 3313 201 3419 raegptnauplia
215 3315 297 3362 auxilia
314 3323 419 3364 assumto.
449 3317 533 3366 lucain
550 3318 582 3365 sic
600 3319 646 3365 dici
661 3321 751 3376 Tacito,
769 3333 835 3378 supra
849 3331 936 3378 qnoque

107 3445 229 3500 mmm
237 3465 291 3510 W!
299 3453 357 3514 viae]
368 3452 384 3501 i.
395 3467 416 3500 e.
427 3452 523 3500 insolens
532 3457 645 3513 apparatu
654 3457 678 3498 et
687 3449 805 3506 tyrannica
814 3447 895 3504 specie.
