2158 3820
95 153 146 223 Η
429 163 616 220 ansarvu
824 169 973 223 avara.

93 327 256 386 ‘adversos
282 321 471 384 insidiantem
495 331 618 384 matrem
640 323 833 385 subvenisse:
870 329 973 386 locum

95 427 194 486 ‘baud
208 425 327 486 minoris
341 423 453 502 gratiae
473 427 592 493 instare,
606 426 632 484 ai
652 426 809 500 coniugem
822 425 973 487 intensam
1061 463 1062 474 ι

94 527 287 600 ‘depelleren
308 543 365 584 nec
380 542 466 584 mano
480 529 530 582 aui
554 527 615 584 telo
636 541 728 598 opus:
748 527 888 585 intonetur
912 527 974 586 Oc·
1061 535 1062 602 l

93 630 103 660 ‘
116 626 215 685 lavim
239 627 422 684 adulterium.
463 625 590 684 Occulta
617 625 735 700 quidem
759 627 795 684 ad
821 643 974 700 praesens.
1061 611 1062 642 ³

93 727 167 784 ‘aad
182 726 331 802 magnaei
355 724 491 799 praemia,
519 731 550 781 et
573 741 706 783 secessus
730 725 879 784 amoenos’
907 745 975 801 pro·
1061 731 1062 802 j

94 823 195 890 mittit,
211 828 290 892 ‘vel‚
301 823 326 883 ai
337 826 516 898 negavisset.
525 823 641 882 necem’
651 825 789 884 intentat.
811 825 867 883 llle
879 826 974 885 insila

93 925 242 991 vecordia,
253 931 283 981 el
293 924 436 982 facilitate
447 925 573 999 priorum
582 921 766 1000 flagitiorum,
777 925 858 998 plura
868 927 973 996 etiam,

93 1041 180 1099 quam
207 1023 317 1081 iussum
343 1032 416 1092 erat,
443 1024 535 1098 lingit,
562 1023 724 1099 fateturque
748 1025 825 1098 apud
849 1024 976 1096 amicos,

93 1139 164 1198 quos
187 1126 267 1181 velot
290 1123 417 1182 consilio
440 1123 613 1181 adhibuerat
637 1103 787 1198 Princens.
832 1123 913 1182 Tum
938 1123 973 1185 in

95 1224 262 1281 Sardiniam
283 1223 410 1296 pellitur,
435 1223 484 1280 ubi
507 1241 565 1281 non
589 1223 676 1296 inops
700 1223 839 1282 exsilium
866 1227 974 1283 tolera·

41 1310 83 1371 63
96 1321 146 1390 vil,
161 1329 190 1380 et
212 1323 273 1380 lato
296 1324 378 1380 obiit.
422 1325 464 1381 At
488 1324 578 1389 Nero,
603 1323 811 1381 ‘Praefectum
833 1323 865 1381 in
885 1341 974 1398 spem

91 1424 267 1480 ‘sociandae
293 1422 397 1480 classis
423 1421 608 1494 conantum?
638 1429 669 1480 et
691 1424 845 1481 incusatae
869 1425 974 1496 paullo

92 1529 162 1580 ante
184 1520 375 1580 ‘sterilitatis'
394 1522 511 1588 oblitus,
533 1525 674 1580 ‘abactas
697 1531 794 1596 partos
816 1523 974 1582 conscien-

92 1621 154 1678 ‘tia
169 1623 330 1691 libidinum,
355 1637 446 1696 eaque
467 1621 524 1677 sibi
548 1619 717 1694 comperta?
736 1622 835 1680 edicto
860 1639 973 1680 memo·

92 1726 155 1778 rat:
176 1719 327 1796 insulaque
352 1719 527 1778 Pandataria
553 1721 711 1779 Octaviam
734 1721 855 1778 claudit.
898 1719 973 1780 Non

92 1821 151 1880 alia
164 1822 247 1877 exsul
272 1819 429 1876 visentium
450 1823 550 1876 oculos
566 1821 674 1878 maiore
698 1821 897 1880 misericordia
918 1822 973 1880 ad·

92 1920 172 1978 iecit.
236 1919 432 1976 Meminerant
460 1921 556 1976 adbuc
583 1921 700 1995 quidam
730 1921 923 1995 Agrippinae,
952 1938 973 1981 a

94 2017 234 2088 Tiberi03
268 2017 414 2075 recentior
448 2019 541 2076 lutiae
575 2020 715 2076 memoria
749 2022 972 2094 obversabatur,
1062 2055 1063 2110 t

94 2117 221 2178 Claudio
243 2119 350 2190 pulsae.
412 2119 472 2175 Sed
496 2118 555 2175 illis
578 2121 663 2176 robur
687 2119 793 2176 aetatis
817 2119 971 2178 adlueral:
1062 2129 1063 2150 ³

92 2220 170 2277 laeta
185 2217 280 2291 aliqua
302 2218 445 2283 viderant,
469 2223 499 2274 et
522 2225 703 2290 praesentem
728 2219 886 2276 saeviliam
909 2237 971 2278 me·
1062 2249 1063 2260 κ

93 2318 173 2376 lioris
187 2318 258 2374 olim
278 2317 409 2374 fortunae
434 2318 634 2376 recordatione
658 2319 846 2376 adlevabanl.
889 2318 972 2380 Huic

93 2418 216 2492 primum
232 2415 394 2488 nuntiarum
408 2416 472 2472 dies
496 2417 684 2475 loeo‘luneris
696 2418 760 2485 tuit,
774 2420 921 2478 deductae
936 2421 971 2479 in

92 2517 218 2582 domum,
233 2516 263 2572 in
278 2533 334 2587 qua
356 2515 429 2572 nihil
445 2515 500 2571 nisi
527 2519 688 2574 luctuosum
710 2519 840 2586 baberet,
865 2526 973 2593 erepto

92 2633 145 2690 per
159 2631 306 2672 venenum
325 2620 405 2686 patre
426 2621 455 2670 'et
469 2616 568 2672 statim
584 2616 688 2674 fratre:
709 2621 770 2674 tum
793 2617 905 2675 ancilla
918 2621 971 2678 do·

92 2716 172 2773 mina
204 2697 397 2770 validiora-et
422 2714 559 2786 Poppaea
582 2735 641 2774 non
668 2717 724 2776 nis'i
746 2717 777 2775 io
803 2713 971 2793 perniciem

92 2814 191 2871 uxoris
212 2817 319 2884 nupta:
342 2819 486 2884 postremo
499 2815 611 2872 crimen
635 2817 715 2875 omni
729 2818 823 2876 exitio
836 2822 969 2894 gravius.

39 2909 81 2971 aa
95 2915 141 2972 Ac
156 2914 261 2986 puella,
282 2910 423 2968 vicesimo
436 2913 541 2970 aetatis
554 2933 642 2980 anno,
666 2916 744 2974 inter
766 2919 970 2979 Centuriones

92 3019 122 3071 et
149 3011 266 3078 milites,
295 3011 444 3084 praesagio
472 3014 611 3071 malorum
636 3015 695 3072 iam
724 3017 787 3074 vita
813 3024 969 3092 exempla,

90 3113 220 3170 nondum
234 3117 332 3167 tamen
353 3115 443 3166 morte
467 3113 681 3183 acquiescebat.
724 3116 830 3173 Paucis
854 3118 971 3179 dehinc

90 3209 253 3269 interiectis
276 3209 378 3264 diebus
405 3207 477 3264 mori
501 3199 799 3272 interiacentem
822 3217 970 3278 ‘viduam

91 3313 145 3366 ‘se
172 3313 202 3363 et
230 3313 341 3364 tantum
368 3305 503 3362 sororem’
538 3313 699 3379 tentarem,
733 3331 968 3392 communesque

90 3401 327 3474 ‘Germanicos'
358 3405 390 3461 el
422 3409 568 3500 postremo
601 3411 819 3486 ‘Agrippinae’
851 3431 968 3477 nomen
