2114 3830
86 213 214 264 aean
325 211 460 262 univ.
511 214 588 260 ese.
617 192 782 262 :te-41.
884 193 954 262 ³57
1037 241 1038 244 ,

84 368 148 426 urbi
173 387 226 426 sun
255 369 345 426 formu
380 371 515 443 legesque
540 375 569 425 et
595 367 692 426 munia
723 367 956 438 Magistratuum.

91 470 159 541 Quo
173 469 222 524 die
238 469 378 524 Senatum
401 468 545 540 ingressus
559 449 603 524 est
626 467 819 532 ttnntrtanus,
840 469 897 522 ‘de
912 469 959 524 uh-
970 474 1011 532 40

88 567 207 624 ‘sentia
234 567 322 638 petris
351 566 499 638 fratrisque
527 584 561 622 ao
587 566 709 621 iuventa
733 563 794 622 sua'
818 582 909 636 pauca
929 571 960 622 st

87 661 208 722 niratica
234 665 380 726 disseruit,
402 665 523 720 decorus
538 664 655 720 iratritu:
676 671 715 726 et,
730 663 837 735 ignotis
866 664 960 722 srlhutt

88 763 232 828 moribus,
252 765 353 818 crebra
378 762 435 818 oris
461 763 593 818 cordusio
609 780 658 832 pro
674 761 813 818 modestia
834 762 960 832 aecipie-

89 863 186 919 batur.
241 861 397 918 Referente
425 861 560 923 Caesare,
581 861 636 916 ‘de
652 859 833 916 restituendis
848 861 961 918 Gettrue

89 957 289 1023 ‘honoribus’
309 959 421 1014 censuit
438 959 553 1014 Curtius
584 959 750 1036 Montanus,
771 966 820 1015 ‘ut
849 959 961 1016 Pisonis

89 1065 228 1132 ‘quoque
258 1059 394 1112 memoria
422 1055 634 1112 setetnaretur!
689 1058 789 1114 Patres
810 1065 960 1130 utrumque

88 1157 221 1214 iussere:
243 1157 280 1210 de
298 1155 403 1212 Pisone
428 1156 544 1211 inritum
561 1155 624 1211 suit.
667 1156 745 1212 'Puni
769 1164 845 1214 sorte
870 1156 961 1224 ducti,

88 1256 167 1327 ‘per
187 1272 258 1328 quos
284 1255 469 1309 redderentur
491 1255 567 1308 betto
588 1259 678 1324 rapta,
708 1256 811 1327 quique
832 1275 897 1311 aera
922 1258 961 1312 te·

90 1359 191 1428 ‘gum‚
215 1357 358 1408 vetustate
392 1353 519 1422 delapsa,
542 1364 693 1408 noscerent
723 1353 909 1426 figerentque,
931 1359 961 1410 et

89 1453 209 1508 ‘fastos
226 1450 390 1506 adutatiooe
407 1457 568 1520 temporum
597 1433 736 1514 foedatos,
757 1457 960 1516 exonerarent,

88 1551 288 1620 ‘mruumqoe
313 1549 435 1618 publicis
464 1549 593 1618 inpensis
622 1547 774 1604 iacerent.²
819 1549 962 1604 Redditur

91 1649 203 1705 Tertio
219 1647 332 1702 iuliano
362 1646 507 1708 Praetura,
531 1653 678 1718 postquam
700 1646 834 1719 cognitus
857 1655 898 1700 est
926 1646 962 1702 ad

88 1746 310 1816 Vespasianum
346 1744 538 1812 confugisse:
573 1746 687 1816 Gnipho
715 1747 804 1801 hrrrrru
847 1747 961 1802 mansit.

89 1845 203 1916 Repeti
234 1844 302 1898 inde
326 1846 524 1914 cognitionem
559 1845 635 1900 inter
662 1842 825 1902 Musonium
854 1847 960 1903 Rufum

88 1949 120 2000 et
138 1943 172 1998 P.
195 1942 328 1998 Celerem
344 1942 461 2010 ptacnit,
483 1943 689 2014 ‹taminatusque
714 1943 841 2007 Potitius,
862 1953 891 2000 et
909 1947 960 2002 So·

89 2041 157 2100 runi
190 2040 324 2096 Manibus
338 2040 528 2096 satisfactum.
570 2041 697 2110 Insignis
724 2043 962 2112 putitiosseveri·

90 2147 155 2198 tate
170 2139 244 2206 dies,
265 2158 301 2195 ne
316 2141 450 2211 privatim
466 2140 581 2212 quidem
600 2142 683 2196 taude
705 2142 805 2196 ceruit.
851 2142 960 2196 iustum

87 2239 236 2297 indicium
249 2241 382 2310 explesse
399 2238 549 2294 Musonius
565 2241 733 2294 videbatur:
756 2239 871 2292 diversa
888 2238 964 2294 sarna

91 2337 261 2396 Demetrio,
281 2338 426 2409 Cynicam
441 2345 551 2392 sectam
573 2337 717 2406 proiesso;
738 2337 811 2409 qrrod
828 2336 961 2392 menites-

91 2443 156 2494 tunr
186 2453 265 2491 reum
280 2435 469 2500 amititiosius,
490 2453 574 2508 qrrnnr
598 2435 755 2500 honestius,
776 2435 961 2492 defendisset.

90 2535 158 2608 Ipsi
180 2533 285 2590 Pontio
300 2534 516 2607 nequeenimos
539 2535 568 2589 in
598 2535 743 2604 perierdis,
765 2553 856 2608 oeque
871 2535 963 2592 oratio

90 2631 304 2704 suppeditavit.
347 2632 439 2704 Signo
467 2633 586 2689 ultionis
613 2635 644 2688 in
673 2635 858 2689 adcusatores
884 2635 963 2703 dato,

90 2730 202 2806 petita
224 2730 350 2786 Caesare
373 2731 472 2786 iunius
490 2731 645 2794 Mauricus,
666 2741 715 2788 ‘ut
742 2734 962 2790 commentario·

90 2838 179 2886 ‘rum
210 2828 416 2901 Principaiium
433 2835 603 2901 potestatem
630 2832 752 2888 Senatui
771 2832 887 2899 faceret,
913 2851 964 2908 per

89 2936 184 3002 ‘qrros
199 2932 343 2993 nosceret,
361 2945 446 3000 quem
460 2929 579 3002 quisque
601 2929 797 2988 ericusandum
814 2934 963 3005 poposeis-

92 3031 173 3082 ‘set.
215 3026 432 3082 Consulendum
461 3027 513 3082 tati
535 3043 621 3099 super
648 3045 678 3084 re
700 3029 886 3104 Principem,'
908 3051 963 3089 res·

95 3124 212 3200 pondit.
254 3126 389 3190 Senatus,
409 3124 613 3181 inchoantibus
633 3127 809 3197 primoribus,
824 3129 962 3186 iusiurou·
974 3145 1012 3202 41

93 3225 164 3281 dum
175 3223 321 3294 concepit,
341 3241 398 3296 quo
424 3225 556 3280 certatirn
572 3241 672 3280 ornnes
702 3226 897 3298 Magistratus,
913 3243 963 3282 ce-

96 3321 152 3379 teri
167 3328 197 3376 ut
211 3322 388 3378 sententiam
400 3324 582 3394 rogabantur,
601 3323 704 3376 ‘Deos
720 3319 816 3375 testes’
838 3324 963 3378 advoca·

95 3422 179 3484 bant,
197 3419 290 3476 ‘nihii
312 3437 367 3492 ope
395 3437 447 3476 sus
473 3419 590 3481 iactum,
610 3435 666 3489 quo
689 3418 856 3485 cuiusquam
884 3419 961 3472 satus

139 3533 208 3573 von.
229 3535 265 3574 n.
542 3517 576 3566 31
