2100 3816
73 197 134 246 mo.
149 201 185 246 oa.
218 143 220 146 Ι
375 197 446 244 nra.
473 197 496 244 1.
539 195 616 244 ura.
634 177 668 244 2.
858 175 929 244 1211

72 349 135 410 riam
155 349 291 417 Traiani,
321 329 484 410 uberiorem
505 351 736 424 securioremque
769 350 928 418 materiam,

73 450 208 506 senectuti
235 450 374 521 eepoaui:
413 467 476 507 rara
507 454 666 523 temporum
694 449 846 516 felicitate,
879 403 979 529 unis,

73 547 169 604 sentire
190 565 264 622 qnae
283 547 370 614 velia,
390 552 420 604 et
444 565 516 622 quae
537 549 644 606 sentias
668 548 767 606 dicere
786 547 866 605 licet.
978 533 986 551 ’

107 645 185 718 Opus
204 647 358 720 adgredior
376 647 505 719 opimum
532 649 657 714 casibus,
690 651 772 703 atrox
803 644 929 718 proetiis,

73 741 173 801 cruore
186 745 387 810 seditionibus,
407 745 470 818 ipae
484 745 573 804 etiam
592 761 665 818 pace
686 761 816 802 saevum.
854 743 930 814 Qua-

75 846 131 898 tuor
158 843 312 916 Principes
337 840 410 900 ierro
433 843 609 918 interempti.
660 843 735 901 'Pria
758 845 835 901 betta
856 838 931 899 eiri-

70 939 113 1007 tia,
125 944 206 1014 ptura
221 925 366 1010 'externa
381 957 416 1000 au
434 945 601 1016 pierumque
616 925 768 1015 permixta.
810 941 930 1016 Prospe-

74 1053 116 1096 rae
127 1040 157 1097 in
171 1041 303 1106 Oriente,
317 1042 459 1098 adversae
474 1041 504 1098 in
519 1041 682 1100 Occidente
696 1059 749 1099 res.
766 1041 929 1100 'Pnrbaturn

74 1137 241 1211 Illyricum:
263 1138 381 1196 Galliae
412 1144 563 1197 nutantes:
588 1139 747 1211 perdomita
774 1139 928 1198 Britannia

75 1241 100 1292 et
112 1237 210 1294 statim
224 1237 331 1294 missa:
353 1243 470 1295 coortae
483 1237 514 1296 in
530 1255 581 1295 noa
598 1239 791 1296 Sarmatarum
806 1256 840 1296 ac
857 1239 927 1296 Sue·

74 1346 168 1392 rorum
195 1341 321 1409 gentes:
346 1335 516 1394 nobititatus
544 1336 675 1394 cladibus
699 1337 804 1394 mutuis
818 1337 926 1394 Dacus.

72 1428 147 1490 Mota
173 1433 265 1490 etiam
287 1451 376 1506 prope
396 1435 569 1492 Parthorum
602 1449 690 1500 arma,
710 1435 776 1490 taisi
801 1433 929 1491 Neronis

72 1529 194 1589 ludibrio.
237 1533 301 1590 iarn
321 1547 391 1588 vero
409 1531 497 1588 ltalia
515 1531 602 1589 novis
629 1531 771 1597 cladibus,
795 1533 843 1587 vei
865 1535 930 1604 post

71 1622 179 1699 longam
191 1626 374 1683 saeculorum
396 1625 501 1683 seriem
520 1626 661 1700 repetitis,
681 1625 809 1682 adflicta.
851 1625 929 1682 Han-

71 1725 127 1780 sne
144 1729 194 1780 ant
207 1725 328 1782 obrutae
337 1725 432 1792 nrbes,
445 1723 652 1782 iocundissima
673 1723 854 1796 Campaniae
868 1739 928 1780 ora.

72 1818 143 1878 Vrbs
168 1821 315 1880 incendiis
347 1827 469 1890 vastata,
489 1822 685 1896 consumptis
721 1819 927 1897 antiquissimis
946 1836 949 1871 t

72 2021 191 2090 pottutae
204 2019 417 2076 caerimoniae:
439 2035 544 2093 magna
568 2019 726 2076 adulteria:
746 2022 865 2092 plenum
878 2037 928 2077 ex·

71 2113 138 2173 aitiie
159 2133 259 2174 mare:
280 2112 383 2173 iniecti
403 2116 541 2174 caedibus
570 2116 691 2190 scopati.
733 2117 869 2176 Atrocins
895 2117 928 2174 in

72 2215 134 2270 urbe
156 2213 310 2272 saevitum.
352 2213 507 2282 Nobilitas,
527 2232 607 2288 oper,
621 2214 720 2272 omissi
733 2215 864 2288 gestique
878 2214 928 2271 ho·

70 2329 149 2369 nores
176 2331 227 2387 pro
246 2311 379 2379 crimine,
403 2319 434 2370 et
457 2315 495 2370 ob
519 2313 641 2370 virtutes
661 2313 855 2370 certissimum
878 2327 928 2366 ex·

71 2409 155 2468 itiam.
197 2411 226 2468 N
229 2427 265 2467 ec
289 2409 384 2468 minus
408 2410 536 2484 praemia
549 2412 709 2468 delatorum
723 2410 829 2476 invisa,
843 2421 929 2482 quam

71 1918 199 1989 detsbris,
227 1921 292 1993 ipso
319 1920 468 1994 Capitolio
494 1921 606 1980 civium
628 1919 761 1979 munibus
784 1922 927 1979 incenso:
945 1879 949 2060 ἱ
965 1917 985 1992 ’ς

946 2170 952 2202 1

97 2563 196 2615 omnm
214 2561 343 2624 Principes]
384 2563 421 2609 Ne
440 2576 501 2609 erres
519 2577 568 2610 cum
589 2563 664 2621 vulgo,
687 2577 730 2610 neu
749 2563 851 2609 PIsonem
870 2561 929 2608 iuter

70 2620 120 2668 inus
136 2635 232 2668 censeas¹
265 2621 374 2684 intelligit
393 2621 453 2667 enim
471 2621 576 2679 Galbam,
595 2623 717 2677 Othonem,
737 2621 862 2680 Vitellium,
882 2621 928 2668 Do·

69 2679 188 2726 mitiacum.
229 2680 289 2728 Nam
308 2685 332 2726 et
352 2681 380 2727 ad
401 2681 464 2726 buius
483 2680 566 2727 exitum
586 2679 710 2727 Historiam
729 2679 838 2741 pertinxit.
877 2679 930 2727 Pion

69 2744 147 2794 antem,
157 2739 274 2785 dumtaxat
284 2738 374 2794 Caesar,
384 2751 429 2784 nou
439 2738 551 2800 Princeps.
582 2736 643 2796 laps.

97 2815 152 2864 Prin
171 2817 228 2863 betto
246 2816 331 2878 duilio]
362 2815 445 2867 Quae?
458 2815 556 2864 Othonis
575 2817 599 2862 in
618 2815 744 2872 Vitellium,
760 2816 824 2863 buius
839 2815 862 2862 iu
877 2815 930 2862 Pla·

69 2871 131 2930 aium,
143 2881 167 2922 et
184 2876 212 2922 L
227 2875 318 2923 Antonii
332 2876 356 2922 iu
371 2875 533 2932 Domitianum,
542 2877 571 2922 de
585 2889 629 2936 quo
642 2877 733 2922 Sueton.
744 2879 768 2921 et
784 2875 835 2922 Dio.
866 2873 929 2933 caps.

95 2953 227 3016 Bonane]
261 2955 298 3001 ‚ab
314 2954 424 3060 Agricola,
439 2953 563 3002 Domitiani
579 2953 712 3016 principatu,
730 2953 862 3014 perdomita,
879 2968 930 3003 moa

69 3013 297 3072 omissaetneglecta.
351 3029 392 3060 ro.

94 3091 196 3140 Haustue
213 3095 254 3139 urst
272 3091 362 3139 orrum
385 3093 459 3154 urbes]
501 3092 527 3138 id
549 3089 610 3138 eninr
631 3090 746 3149 signifieat,
765 3090 788 3136 io
807 3091 932 3151 Ormpauia

68 3150 152 3198 harstas
166 3156 208 3198 aut
222 3149 314 3198 obrutas
332 3149 397 3198 urbes
416 3151 542 3212 prodigiosa
558 3151 599 3196 illa
613 3150 722 3208 ejectione
736 3149 827 3195 Vesuvii
842 3150 931 3208 montis,

67 3223 119 3313 Fine
133 3209 174 3257 sub
184 3209 260 3256 Tito·
280 3210 331 3280 (iun
346 3209 489 3280 quooppida
507 3223 556 3256 eum
571 3207 632 3270 pagis
651 3209 726 3256 multia
740 3207 829 3264 obruta,
845 3209 931 3278 Hercu

75 3283 144 3340 ³¹²¹.¹.¹¹¹¹
160 3274 185 3313 et
200 3268 310 3329 Pompeia,
324 3282 376 3328 qum
391 3267 497 3374 rlleorgse
508 3268 616 3372 Nalturateo
628 3266 931 3372 aazgnrssefflisstessrgilsruaeg,

68 3329 445 3491 mpigfflgmcgazfflnoaetfflo
469 3342 513 3430 nulii¹
536 3342 632 3431 Vincitlio
651 3385 705 3442 (ur,
725 3383 772 3434 71.)
793 3387 816 3424 et
833 3379 862 3426 dr
880 3355 933 3436 igne1

68 3445 173 3506 tonnano,
183 3445 223 3507 qui
239 3459 264 3492 sn
289 3444 352 3493 Tito.
365 3463 367 3470 ⁴
384 3443 479 3492 Dionem
494 3445 548 3491 ride
562 3443 637 3504 bxv,
654 3447 689 3490 17.
705 3437 836 3494 bXth.
868 3437 927 3494 Lipe
