2100 3816
76 255 197 306 acra
309 256 378 303 cra.
408 255 431 302 r.
485 253 564 301 cae.
599 233 657 299 30.
684 233 742 298 31.
872 227 942 297 149

78 413 144 467 ‘vos
156 413 315 468 Neronem.
357 409 457 466 Minus
478 407 596 480 triginta
616 405 779 477 transfugae
793 407 823 461 el
845 403 940 462 deser·

82 513 181 576 ‘lorea
195 527 268 584 quos
283 507 491 566 centurionem
505 513 553 563 aut
574 506 736 563 'Pribunum
750 503 807 560 sibi
830 503 939 577 eligen-

75 611 134 664 ‘tes
159 625 247 664 nemo
275 607 369 670 ferret,
391 605 548 679 Imperium
575 599 792 678 adsignabuut?
825 599 938 658 Attmit·

73 705 146 761 ‘titis
170 701 361 778 exemplum?
380 712 411 762 et
433 705 611 780 quiescendo
638 719 795 761 commune
821 701 937 758 crimen

76 802 206 862 ‘tacitisi
228 803 435 861 Transcendet
456 803 530 860 baec
557 802 677 859 licentia
702 801 732 858 in
748 798 935 874 provincias:
960 807 965 817 ⁴

76 904 165 960 ‘etad
180 921 233 960 nos
261 905 403 960 scelerum
428 899 533 966 exitus,
561 903 701 956 bellorum
729 899 765 955 ad
794 913 858 964 vos,
873 913 935 968 per·

74 999 226 1058 ‘linebant
271 1001 337 1058 Nec
351 1007 395 1057 est
410 1001 482 1073 plus,
502 1000 577 1074 quod
599 1015 650 1072 pro
662 998 754 1054 caede
776 994 935 1066 Principis,

77 1101 175 1171 ‘qnam
194 1099 271 1173 quod
294 1099 499 1155 innocentibus
513 1099 611 1154 datur:
631 1097 682 1152 sed
708 1094 827 1167 perinde
852 1109 934 1150 ano-

80 1199 87 1226 ‘
100 1195 142 1252 bis
153 1197 323 1254 donativum
337 1197 375 1253 ob
387 1197 482 1262 fidem,
495 1213 581 1270 quam
594 1197 631 1251 ab
652 1193 717 1251 aliis
741 1209 791 1268 pro
804 1191 934 1251 facinora

75 1279 258 1367 ‘accipietis’
299 1295 429 1368 Dilapsis
449 1281 687 1367 speculatoribus,
707 1298 805 1351 celera
819 1287 983 1357 cobors‚3l

48 1400 51 1410 “
78 1408 129 1448 non
161 1395 336 1466 adspernata
368 1394 604 1458 concionantem,
633 1397 665 1448 ut
695 1390 815 1448 turbidis
849 1391 934 1446 rebus

77 1492 178 1559 evenit,
197 1492 272 1548 forle
297 1492 389 1565 magis
411 1498 442 1549 et
467 1493 549 1548 nullo
572 1491 668 1547 adbuc
691 1489 826 1554 consitio,
852 1491 935 1560 parat

79 1588 163 1660 signa,
187 1607 283 1665 quana
310 1591 384 1663 quod
398 1596 498 1662 postea
517 1589 659 1646 creditum
686 1593 740 1652 est,
767 1585 880 1643 insidiis
902 1587 934 1641 et

77 1687 260 1745 simulatione.
306 1687 411 1744 Missus
438 1695 469 1744 et
487 1687 592 1744 tietsus
619 1685 729 1742 Marius
755 1685 793 1742 ad
815 1685 929 1740 electos
978 1725 986 1738 .

79 1784 184 1858 lllyrici
208 1786 365 1852 exercitus,
396 1785 540 1859 Vipsania
572 1785 602 1841 in
630 1783 741 1856 porticu
768 1783 932 1840 tendentes.

78 1880 261 1956 Praeceptum
301 1883 418 1942 Amulio
450 1885 562 1941 Sereno
589 1888 620 1940 et
647 1882 780 1940 Domitio
813 1881 932 1949 Sabino,

78 1981 300 2055 primipilaribus,
329 1987 361 2039 att
382 1980 564 2039 Germanicos
598 1977 701 2038 maius
732 1997 747 2037 r
776 1977 932 2038 Libertatis

77 2077 142 2136 dria
162 2085 340 2138 manerent.
382 2079 509 2154 Legioni
532 2080 673 2136 classicae
687 2079 877 2147 diuidebatur,
888 2077 931 2135 in-

77 2176 157 2235 testae
170 2181 208 2237 ob
226 2179 348 2236 caedem
362 2177 601 2244 commilitonum,
621 2195 692 2252 quos
713 2179 804 2250 primo
830 2175 930 2234 statim

78 2273 185 2334 introitu
197 2277 393 2335 trucidaverat
414 2277 518 2334 Galba.
561 2277 688 2350 Pergunt
709 2275 797 2332 etiam
811 2274 843 2331 in
867 2287 930 2329 eas·

76 2377 113 2429 tra
127 2375 374 2433 Praetorianorum
389 2374 525 2440 Tribuni,
540 2373 642 2431 carius
657 2375 793 2439 Severus,
809 2371 929 2429 Subrius
1024 2399 1025 2404 κ

77 2471 190 2542 Dexter,
215 2473 371 2546 Pompeios
399 2474 567 2548 Longinum
598 2473 624 2529 si
646 2471 792 2544 iucipiens
822 2469 930 2534 adbuc,

75 2575 100 2627 et
114 2575 233 2630 necdum
248 2574 347 2629 adulta
360 2571 474 2637 seditio,
494 2571 659 2628 melioribus
683 2567 815 2626 consitiis
830 2566 926 2624 flecte·

76 2673 152 2726 retur.
193 2669 390 2728 'l'ribunorum
406 2669 538 2727 Subrium
550 2676 580 2725 et
596 2668 714 2727 Corium
727 2667 833 2724 milites
848 2667 928 2722 ador-

75 2766 95 2822 ti
109 2767 198 2835 minis,
213 2769 379 2843 Longinum
406 2759 537 2826 manibus
551 2773 689 2824 coercent
703 2773 927 2839 exarmantque3

74 2865 134 2939 quia
147 2885 202 2925 non
217 2868 318 2925 ordine
336 2867 468 2934 militiae,
492 2870 543 2924 sed
558 2885 574 2924 e
589 2866 703 2924 Galbae
728 2867 840 2934 amicis,
853 2865 926 2924 lidus

74 2962 194 3038 Principi
214 2984 274 3032 suo,
291 2973 320 3023 et
334 2965 563 3024 desciscentibus
585 2965 745 3037 suspectior
758 2971 829 3022 erat.
871 2966 927 3023 Le·

73 3065 117 3138 gio
128 3069 260 3136 classica,
288 3069 360 3126 nibil
387 3075 536 3135 cunctata,
564 3067 758 3126 Pmelurianis
795 3069 926 3142 adiungi·

73 3168 120 3220 tur.
159 3167 273 3238 lllyrici
300 3167 447 3224 exercitus
467 3167 555 3225 electi
580 3167 833 3239 celsumiogestis
858 3166 925 3239 pitis

72 3267 238 3332 proturbant.
282 3265 460 3323 Germanica
482 3259 594 3322 uexilla
620 3265 668 3322 diu
696 3272 855 3332 nutavere3
883 3263 926 3320 in·

74 3360 168 3420 validis
184 3364 289 3421 ,adhue
316 3365 485 3436 corporibus
509 3367 540 3419 et
565 3362 687 3436 placatis
708 3362 820 3422 animia,
850 3361 925 3430 quod

73 3473 124 3526 eos,
143 3477 160 3517 a
176 3461 295 3520 Nerone
324 3459 535 3520 Alexandriam
559 3457 741 3530 praemissos,
754 3459 839 3524 atque
858 3453 926 3506 inde

105 3573 170 3618 rou.
191 3577 228 3618 ιι.
508 3551 573 3610 13*
