2158 3820
120 150 170 228 32
445 167 631 219 annaurvu
846 169 996 222 avara.

121 321 268 384 ‘familiae
283 321 479 380 minitabatur.
519 321 681 380 Decernite
699 321 818 384 hercule
841 323 993 398 inpunita·

122 426 209 480 ‘lem
254 425 305 488 At,
319 440 403 496 qoem
424 421 551 498 dignitas
566 440 618 480 sua
644 423 791 489 desendet,
812 440 878 482 curn
903 426 992 484 Prae·

117 511 251 580 '‘teetunr
266 523 344 580 urbis
365 540 423 580 non
438 519 596 594 profuerit?
615 539 700 596 quem
729 540 862 580 numerus
888 542 991 582 servo·

121 625 202 680 ‘rum
230 623 366 690 tuebitur,
379 638 446 678 cum
475 620 635 677 Pedanium
660 623 826 678 Secundum
854 623 991 696 quadrin-

120 721 220 796 ‘genti
247 738 305 778 non
334 717 536 793 protexerint?
569 723 617 777 cui
644 719 756 777 inmitia
789 737 875 793 opem
903 722 990 791 leret,

120 825 214 896 ‘quae
239 839 276 878 ne
291 823 320 878 in
347 828 425 878 metu
447 819 563 892 quidem
584 820 712 892 pericula
738 831 834 876 nostra
858 817 989 878 avertit?

120 921 200 986 ltin,
222 927 252 977 ut
286 920 402 994 quidam
423 919 531 992 fingere
562 936 621 974 non
655 919 837 986 erubescunt,
864 919 987 979 iniurias

119 1023 209 1076 ‘uuas
229 1021 304 1076 ultus
319 1027 363 1075 est
377 1014 566 1074 interlector?
586 1019 652 1090 quin
666 1021 703 1074 de
719 1025 838 1088 palerna
860 1020 988 1090 pecunia

119 1123 329 1190 ‘transegerat
350 1124 399 1176 aut
413 1117 523 1174 avitum
552 1117 730 1188 mancipium
754 1113 988 1176 detrahebatur?

118 1216 364 1274 ‘Pronuntiemua
389 1217 629 1276 ultro,dorninurn
645 1215 705 1272 iure
733 1233 850 1272 craesum
880 1215 985 1274 videri.

66 1304 108 1365 44
121 1317 227 1374 ‘Lilrel
242 1323 409 1389 argumenta
425 1316 594 1386 conquirere
618 1316 646 1370 in
669 1331 714 1380 eo,
732 1317 807 1388 quod
829 1316 988 1386 sapientio-

118 1414 213 1470 ‘ribus
233 1414 423 1472 delilieralum
450 1410 516 1469 est?
547 1415 606 1470 Sed
632 1421 671 1476 et,
700 1413 723 1468 si
755 1431 831 1468 nunr
862 1415 987 1484 primum

118 1515 319 1570 ‘statuendum
348 1514 535 1578 halreremus;
556 1511 724 1576 creditisne,
758 1528 874 1568 servum
895 1511 992 1570 inter·

117 1612 258 1669 ‘liniendi
278 1613 388 1668 damini
416 1610 544 1667 auinrum
572 1610 737 1674 sumpsisse.
770 1617 800 1664 ut
832 1627 889 1666 non
923 1627 985 1668 vox

116 1712 238 1768 ‘mirina
259 1705 432 1767 excideret?
447 1708 519 1764 nihil
542 1725 591 1780 per
617 1709 809 1764 temeritatem
830 1710 985 1782 proloque-
1063 1749 1069 1760 .

118 1807 239 1866 ‘returl
282 1811 360 1864 Saue
381 1807 535 1864 consilium
566 1807 704 1870 occuluit,
725 1809 813 1862 telum
842 1806 918 1862 iuter
939 1805 985 1880 ig·

116 1915 218 1966 ‘natos
250 1907 380 1978 iteravit·
404 1922 471 1962 num
505 1903 646 1960 excubiae
677 1905 821 1972 transiret,
851 1904 983 1963 cubiculi

115 2007 209 2064 ‘iores
231 2007 400 2080 recluderet,
423 2007 519 2060 lumen
547 2003 673 2068 interret,
698 2006 820 2060 caedem
845 2009 984 2076 patraret,

115 2107 271 2164 ‘omnibus
306 2099 433 2160 nesciis?
486 2102 579 2158 Multa
609 2103 729 2159 sceleris
760 2101 869 2160 indicia
902 2119 984 2174 prae·

115 2210 123 2238 ⁸
137 2205 267 2262 veniunt.
311 2201 396 2260 Servi
410 2203 442 2260 'ai
458 2203 590 2274 prodant,
604 2217 752 2272 possumus
772 2201 880 2274 singuli
900 2199 984 2258 inter

116 2307 237 2377 ‘plurea
259 2302 313 2358 tuli
337 2303 413 2358 iuter
433 2300 548 2364 anxios,
577 2308 730 2372 postremo,
759 2299 784 2356 si
804 2301 983 2372 pereundum

115 2401 181 2468 ‘ait
216 2419 274 2460 non
295 2400 382 2458 inulti
414 2400 491 2456 inter
518 2407 658 2454 nocentes
692 2413 788 2472 agere.
838 2398 983 2470 Suspecta

115 2494 293 2562 ‘maioribus
315 2498 421 2556 nostris
450 2497 530 2553 luere
558 2495 678 2568 ingenia
703 2511 861 2562 servorum,
891 2497 982 2554 etiam

115 2604 199 2656 ‘cum
232 2599 263 2654 in
298 2598 373 2670 agris
394 2602 443 2652 aut
479 2593 611 2650 domibus
646 2593 749 2650 lisdem
784 2603 983 2665 nascerentur,

114 2697 340 2770 ‘caritatemque
356 2695 536 2752 dominorum
556 2692 656 2750 statim
676 2692 854 2764 acciperent.
895 2693 980 2750 Post·

57 2777 72 2826 ,⁶
114 2801 221 2871 ‘quarn
245 2812 314 2850 vero
347 2793 480 2850 nationes
501 2793 529 2847 in
557 2790 675 2848 l'amiliis
695 2791 845 2858 habemus,
874 2791 979 2866 quibua

113 2894 245 2951 ‘diversi
268 2892 348 2957 ritus,
369 2897 492 2946 externa
515 2907 607 2957 sacra,
628 2898 676 2946 aut
704 2890 782 2944 nulla
806 2893 881 2956 sunl,
909 2907 982 2948 con·

114 2995 246 3049 ‘luviem
269 2993 355 3046 istam
377 3006 434 3046 non
459 2987 516 3044 nisi
544 2995 623 3044 metu
647 2987 819 3044 coercueris.
863 2990 904 3044 At
920 2988 982 3063 qui·

113 3092 203 3148 ‘dnm
225 3091 355 3146 insontes
377 3087 526 3159 peribunt..
562 3087 638 3142 Num
653 3091 683 3142 el
707 3103 744 3142 es
760 3083 823 3140 tuso
837 3086 983 3155 exercitu,

115 3192 202 3246 ‘cum
235 3187 365 3244 «triclinus
389 3202 506 3258 quisque
532 3183 599 3239 lusti
623 3184 731 3248 teritur,
753 3185 843 3238 etiam
865 3185 981 3244 strenui

114 3286 297 3343 ‘sortiuntur
339 3281 435 3339 Habet
450 3281 557 3363 aliquid
572 3297 611 3336 ex
626 3281 724 3354 iniquo
738 3297 824 3336 omne
842 3299 982 3355 inagnum

114 3385 305 3459 ‘exemplum
326 3382 402 3458 quod
428 3385 529 3437 contra
550 3380 680 3454 cingulos
705 3381 832 3439 utilitate
860 3383 981 3457 publica
