<?xml version="1.0" encoding="UTF-8"?>
<!DOCTYPE html PUBLIC "-//W3C//DTD XHTML 1.0 Transitional//EN"
    "http://www.w3.org/TR/xhtml1/DTD/xhtml1-transitional.dtd">
<html xmlns="http://www.w3.org/1999/xhtml" xml:lang="en" lang="en">
 <head>
  <title>
</title>
<meta http-equiv="Content-Type" content="text/html;charset=utf-8" />
  <meta name='ocr-system' content='tesseract 3.04.00' />
  <meta name='ocr-capabilities' content='ocr_page ocr_carea ocr_par ocr_line ocrx_word'/>
</head>
<body>
  <div class='ocr_page' id='page_1' title='image "./operaexrecensio02tacigoog_0066.png"; bbox 0 0 2138 3818; ppageno 0'>
   <div class='ocr_carea' id='block_1_1' title="bbox 98 190 1063 295">
    <p class='ocr_par' dir='ltr' id='par_1_1' title="bbox 98 190 1063 295">
     <span class='ocr_line' id='line_1_1' title="bbox 98 190 1063 295; baseline -0.012 -27"><span class='ocrx_word' id='word_1_1' title='bbox 98 218 226 268; x_wconf 72' lang='lat' dir='ltr'>acan.</span> <span class='ocrx_word' id='word_1_2' title='bbox 296 190 303 205; x_wconf 72' lang='lat'>⁴</span> <span class='ocrx_word' id='word_1_3' title='bbox 353 215 424 262; x_wconf 81' lang='lat' dir='ltr'>ara.</span> <span class='ocrx_word' id='word_1_4' title='bbox 459 213 517 262; x_wconf 89' lang='lat' dir='ltr'>xr.</span> <span class='ocrx_word' id='word_1_5' title='bbox 551 211 645 260; x_wconf 69' lang='lat' dir='ltr'>aaa.</span> <span class='ocrx_word' id='word_1_6' title='bbox 672 193 790 260; x_wconf 83' lang='grc'><strong>5.-7.</strong></span> <span class='ocrx_word' id='word_1_7' title='bbox 907 193 972 260; x_wconf 80' lang='grc'>,53</span> <span class='ocrx_word' id='word_1_8' title='bbox 1062 274 1063 295; x_wconf 20' lang='grc' dir='ltr'><strong>ἶ</strong></span> 
     </span>
    </p>
   </div>
   <div class='ocr_carea' id='block_1_2' title="bbox 41 365 1064 3402">
    <p class='ocr_par' dir='ltr' id='par_1_2' title="bbox 93 365 1064 2002">
     <span class='ocr_line' id='line_1_2' title="bbox 97 365 971 443; baseline -0.007 -15"><span class='ocrx_word' id='word_1_9' title='bbox 97 375 106 403; x_wconf 91' lang='lat'>‘</span> <span class='ocrx_word' id='word_1_10' title='bbox 118 371 206 428; x_wconf 87' lang='lat' dir='ltr'>minis</span> <span class='ocrx_word' id='word_1_11' title='bbox 221 367 355 442; x_wconf 75' lang='lat' dir='ltr'>patrata:</span> <span class='ocrx_word' id='word_1_12' title='bbox 363 367 516 443; x_wconf 80' lang='lat' dir='ltr'>magnifiee</span> <span class='ocrx_word' id='word_1_13' title='bbox 524 369 717 425; x_wconf 76' lang='lat' dir='ltr'>extollebant.</span> <span class='ocrx_word' id='word_1_14' title='bbox 752 365 825 433; x_wconf 85' lang='lat' dir='ltr'>Alli,</span> <span class='ocrx_word' id='word_1_15' title='bbox 836 369 844 399; x_wconf 90' lang='lat'>‘</span> <span class='ocrx_word' id='word_1_16' title='bbox 855 365 971 423; x_wconf 83' lang='lat' dir='ltr'>oooulte</span> 
     </span>
     <span class='ocr_line' id='line_1_3' title="bbox 97 465 970 543; baseline -0.008 -16"><span class='ocrx_word' id='word_1_17' title='bbox 97 465 285 543; x_wconf 62' lang='lat' dir='ltr'>‘pepigisse&#39;</span> <span class='ocrx_word' id='word_1_18' title='bbox 309 469 588 540; x_wconf 80' lang='lat' dir='ltr'>interpretabantur3</span> <span class='ocrx_word' id='word_1_19' title='bbox 610 471 670 533; x_wconf 91' lang='lat' dir='ltr'>‘ut,</span> <span class='ocrx_word' id='word_1_20' title='bbox 698 465 805 523; x_wconf 84' lang='lat' dir='ltr'>omisso</span> <span class='ocrx_word' id='word_1_21' title='bbox 828 465 970 538; x_wconf 83' lang='lat' dir='ltr'>utrimque</span> 
     </span>
     <span class='ocr_line' id='line_1_4' title="bbox 99 548 1063 638; baseline -0.005 -14"><span class='ocrx_word' id='word_1_22' title='bbox 99 568 201 624; x_wconf 85' lang='lat' dir='ltr'>‘bello</span> <span class='ocrx_word' id='word_1_23' title='bbox 226 574 256 624; x_wconf 88' lang='lat' dir='ltr'>et</span> <span class='ocrx_word' id='word_1_24' title='bbox 278 566 405 624; x_wconf 88' lang='lat' dir='ltr'>abeunte</span> <span class='ocrx_word' id='word_1_25' title='bbox 429 565 587 638; x_wconf 81' lang='lat' dir='ltr'>Vologese,</span> <span class='ocrx_word' id='word_1_26' title='bbox 611 563 759 638; x_wconf 77' lang='lat' dir='ltr'>Tigranes</span> <span class='ocrx_word' id='word_1_27' title='bbox 782 581 893 637; x_wconf 89' lang='lat' dir='ltr'>quoque</span> <span class='ocrx_word' id='word_1_28' title='bbox 916 565 970 620; x_wconf 86' lang='lat' dir='ltr'>Ar·</span> <span class='ocrx_word' id='word_1_29' title='bbox 1062 548 1063 551; x_wconf 22' lang='lat'>¹</span> 
     </span>
     <span class='ocr_line' id='line_1_5' title="bbox 97 663 970 722; baseline -0.006 0"><span class='ocrx_word' id='word_1_30' title='bbox 97 665 219 722; x_wconf 87' lang='lat' dir='ltr'>‘menia</span> <span class='ocrx_word' id='word_1_31' title='bbox 235 667 417 721; x_wconf 75' lang='lat' dir='ltr'>abscederet.</span> <span class='ocrx_word' id='word_1_32' title='bbox 457 663 517 722; x_wconf 78' lang='lat' dir='ltr'>Gur</span> <span class='ocrx_word' id='word_1_33' title='bbox 531 663 609 720; x_wconf 89' lang='lat' dir='ltr'>enim</span> <span class='ocrx_word' id='word_1_34' title='bbox 629 663 791 720; x_wconf 82' lang='lat' dir='ltr'>exereitum</span> <span class='ocrx_word' id='word_1_35' title='bbox 806 663 970 719; x_wconf 88' lang='lat' dir='ltr'>Romanum</span> 
     </span>
     <span class='ocr_line' id='line_1_6' title="bbox 93 759 970 837; baseline -0.005 -18"><span class='ocrx_word' id='word_1_36' title='bbox 93 767 131 819; x_wconf 86' lang='lat' dir='ltr'>‘a</span> <span class='ocrx_word' id='word_1_37' title='bbox 145 763 369 837; x_wconf 76' lang='lat' dir='ltr'>Tigranocertis</span> <span class='ocrx_word' id='word_1_38' title='bbox 390 759 569 818; x_wconf 81' lang='lat' dir='ltr'>dannatum?</span> <span class='ocrx_word' id='word_1_39' title='bbox 589 779 640 818; x_wconf 87' lang='lat' dir='ltr'>eur</span> <span class='ocrx_word' id='word_1_40' title='bbox 653 763 767 817; x_wconf 89' lang='lat' dir='ltr'>deserta</span> <span class='ocrx_word' id='word_1_41' title='bbox 792 777 843 832; x_wconf 91' lang='lat' dir='ltr'>per</span> <span class='ocrx_word' id='word_1_42' title='bbox 868 760 970 826; x_wconf 90' lang='lat' dir='ltr'>otium,</span> 
     </span>
     <span class='ocr_line' id='line_1_7' title="bbox 97 849 970 936; baseline -0.005 -18"><span class='ocrx_word' id='word_1_43' title='bbox 97 864 190 936; x_wconf 87' lang='lat' dir='ltr'>‘quae</span> <span class='ocrx_word' id='word_1_44' title='bbox 219 864 296 919; x_wconf 87' lang='lat' dir='ltr'>bello</span> <span class='ocrx_word' id='word_1_45' title='bbox 323 849 534 919; x_wconf 76' lang='lat' dir='ltr'>defenderent?</span> <span class='ocrx_word' id='word_1_46' title='bbox 556 863 605 918; x_wconf 82' lang='lat' dir='ltr'>An</span> <span class='ocrx_word' id='word_1_47' title='bbox 634 861 737 918; x_wconf 82' lang='lat' dir='ltr'>melius</span> <span class='ocrx_word' id='word_1_48' title='bbox 766 859 970 916; x_wconf 75' lang='lat' dir='ltr'>hibernavisse</span> 
     </span>
     <span class='ocr_line' id='line_1_8' title="bbox 99 955 970 1034; baseline -0.005 -18"><span class='ocrx_word' id='word_1_49' title='bbox 99 959 151 1018; x_wconf 72' lang='lat' dir='ltr'>‘iu</span> <span class='ocrx_word' id='word_1_50' title='bbox 185 969 316 1018; x_wconf 87' lang='lat' dir='ltr'>extrema</span> <span class='ocrx_word' id='word_1_51' title='bbox 342 959 539 1034; x_wconf 83' lang='lat' dir='ltr'>Cappadocia,</span> <span class='ocrx_word' id='word_1_52' title='bbox 564 960 668 1031; x_wconf 87' lang='lat' dir='ltr'>raptim</span> <span class='ocrx_word' id='word_1_53' title='bbox 699 960 805 1016; x_wconf 84' lang='lat' dir='ltr'>erectis</span> <span class='ocrx_word' id='word_1_54' title='bbox 840 955 970 1031; x_wconf 88' lang='lat' dir='ltr'>tuguriis,</span> 
     </span>
     <span class='ocr_line' id='line_1_9' title="bbox 97 1055 969 1132; baseline -0.003 -18"><span class='ocrx_word' id='word_1_55' title='bbox 97 1060 204 1132; x_wconf 79' lang='lat' dir='ltr'>‘quam</span> <span class='ocrx_word' id='word_1_56' title='bbox 218 1059 333 1116; x_wconf 79' lang='lat' dir='ltr'>insede</span> <span class='ocrx_word' id='word_1_57' title='bbox 348 1058 444 1132; x_wconf 85' lang='lat' dir='ltr'>Regni</span> <span class='ocrx_word' id='word_1_58' title='bbox 471 1059 556 1115; x_wconf 92' lang='lat' dir='ltr'>modo</span> <span class='ocrx_word' id='word_1_59' title='bbox 581 1055 709 1115; x_wconf 76' lang='lat' dir='ltr'>retenti?</span> <span class='ocrx_word' id='word_1_60' title='bbox 732 1059 831 1114; x_wconf 81' lang='lat' dir='ltr'>Dilata</span> <span class='ocrx_word' id='word_1_61' title='bbox 856 1071 969 1130; x_wconf 83' lang='lat' dir='ltr'>prorsus</span> 
     </span>
     <span class='ocr_line' id='line_1_10' title="bbox 94 1141 1064 1232; baseline -0.002 -19"><span class='ocrx_word' id='word_1_62' title='bbox 94 1161 206 1220; x_wconf 70' lang='lat' dir='ltr'>‘arma</span> <span class='ocrx_word' id='word_1_63' title='bbox 228 1163 259 1214; x_wconf 91' lang='lat' dir='ltr'>ut</span> <span class='ocrx_word' id='word_1_64' title='bbox 271 1141 434 1232; x_wconf 80' lang='lat' dir='ltr'>Vologeses</span> <span class='ocrx_word' id='word_1_65' title='bbox 449 1173 516 1214; x_wconf 90' lang='lat' dir='ltr'>eum</span> <span class='ocrx_word' id='word_1_66' title='bbox 543 1156 610 1222; x_wconf 86' lang='lat' dir='ltr'>alio,</span> <span class='ocrx_word' id='word_1_67' title='bbox 624 1175 709 1232; x_wconf 85' lang='lat' dir='ltr'>quarn</span> <span class='ocrx_word' id='word_1_68' title='bbox 723 1173 788 1214; x_wconf 90' lang='lat' dir='ltr'>oum</span> <span class='ocrx_word' id='word_1_69' title='bbox 803 1157 970 1214; x_wconf 74' lang='lat' dir='ltr'>Corbulone</span> <span class='ocrx_word' id='word_1_70' title='bbox 1063 1173 1064 1202; x_wconf 67' lang='lat' dir='ltr'>r</span> 
     </span>
     <span class='ocr_line' id='line_1_11' title="bbox 94 1251 969 1329; baseline -0.003 -17"><span class='ocrx_word' id='word_1_71' title='bbox 94 1251 264 1312; x_wconf 76' lang='lat' dir='ltr'>‘oer&#39;taretz</span> <span class='ocrx_word' id='word_1_72' title='bbox 298 1257 429 1313; x_wconf 84' lang='lat' dir='ltr'>Corbulo</span> <span class='ocrx_word' id='word_1_73' title='bbox 456 1255 575 1311; x_wconf 88' lang='lat' dir='ltr'>meritae</span> <span class='ocrx_word' id='word_1_74' title='bbox 597 1260 640 1311; x_wconf 91' lang='lat' dir='ltr'>tot</span> <span class='ocrx_word' id='word_1_75' title='bbox 666 1273 717 1327; x_wconf 87' lang='lat' dir='ltr'>per</span> <span class='ocrx_word' id='word_1_76' title='bbox 743 1272 835 1312; x_wconf 87' lang='lat' dir='ltr'>annos</span> <span class='ocrx_word' id='word_1_77' title='bbox 858 1255 969 1329; x_wconf 85' lang='lat' dir='ltr'>gloriae</span> 
     </span>
     <span class='ocr_line' id='line_1_12' title="bbox 94 1352 970 1427; baseline 0 -17"><span class='ocrx_word' id='word_1_78' title='bbox 94 1357 176 1411; x_wconf 84' lang='lat' dir='ltr'>‘nou</span> <span class='ocrx_word' id='word_1_79' title='bbox 191 1355 266 1411; x_wconf 84' lang='lat' dir='ltr'>ultra</span> <span class='ocrx_word' id='word_1_80' title='bbox 286 1355 446 1427; x_wconf 84' lang='lat' dir='ltr'>perieulum</span> <span class='ocrx_word' id='word_1_81' title='bbox 471 1352 601 1410; x_wconf 71' lang='lat' dir='ltr'>laceret?</span> <span class='ocrx_word' id='word_1_82' title='bbox 641 1353 730 1419; x_wconf 88' lang='lat' dir='ltr'>Nam,</span> <span class='ocrx_word' id='word_1_83' title='bbox 742 1359 774 1410; x_wconf 93' lang='lat' dir='ltr'>ut</span> <span class='ocrx_word' id='word_1_84' title='bbox 788 1353 882 1418; x_wconf 89' lang='lat' dir='ltr'>retuli,</span> <span class='ocrx_word' id='word_1_85' title='bbox 906 1369 970 1426; x_wconf 93' lang='lat' dir='ltr'>pro·</span> 
     </span>
     <span class='ocr_line' id='line_1_13' title="bbox 94 1451 970 1526; baseline -0.001 -18"><span class='ocrx_word' id='word_1_86' title='bbox 94 1451 195 1526; x_wconf 86' lang='lat' dir='ltr'>prium</span> <span class='ocrx_word' id='word_1_87' title='bbox 216 1453 331 1508; x_wconf 87' lang='lat' dir='ltr'>Dueem</span> <span class='ocrx_word' id='word_1_88' title='bbox 351 1454 475 1512; x_wconf 90' lang='lat' dir='ltr'>tuendae</span> <span class='ocrx_word' id='word_1_89' title='bbox 503 1451 659 1510; x_wconf 78' lang='lat' dir='ltr'>Armeniae</span> <span class='ocrx_word' id='word_1_90' title='bbox 682 1458 862 1526; x_wconf 87' lang='lat' dir='ltr'>poposcerat,</span> <span class='ocrx_word' id='word_1_91' title='bbox 877 1457 906 1508; x_wconf 88' lang='lat' dir='ltr'>st</span> <span class='ocrx_word' id='word_1_92' title='bbox 921 1451 970 1508; x_wconf 86' lang='lat' dir='ltr'>ad·</span> 
     </span>
     <span class='ocr_line' id='line_1_14' title="bbox 94 1547 1064 1623; baseline -0.001 -16"><span class='ocrx_word' id='word_1_93' title='bbox 94 1555 221 1608; x_wconf 86' lang='lat' dir='ltr'>ventare</span> <span class='ocrx_word' id='word_1_94' title='bbox 250 1551 433 1609; x_wconf 81' lang='lat' dir='ltr'>Caesennius</span> <span class='ocrx_word' id='word_1_95' title='bbox 455 1551 562 1608; x_wconf 86' lang='lat' dir='ltr'>Paetus</span> <span class='ocrx_word' id='word_1_96' title='bbox 583 1551 770 1608; x_wconf 86' lang='lat' dir='ltr'>audiebatur:</span> <span class='ocrx_word' id='word_1_97' title='bbox 792 1551 907 1623; x_wconf 87' lang='lat' dir='ltr'>iamque</span> <span class='ocrx_word' id='word_1_98' title='bbox 921 1547 970 1605; x_wconf 85' lang='lat' dir='ltr'>sd·</span> <span class='ocrx_word' id='word_1_99' title='bbox 1063 1595 1064 1606; x_wconf 67' lang='grc'>,</span> 
     </span>
     <span class='ocr_line' id='line_1_15' title="bbox 95 1647 970 1723; baseline -0.002 -17"><span class='ocrx_word' id='word_1_100' title='bbox 95 1655 170 1715; x_wconf 84' lang='lat' dir='ltr'>erat,</span> <span class='ocrx_word' id='word_1_101' title='bbox 194 1647 288 1720; x_wconf 87' lang='lat' dir='ltr'>eopiis</span> <span class='ocrx_word' id='word_1_102' title='bbox 317 1650 357 1705; x_wconf 87' lang='lat' dir='ltr'>ita</span> <span class='ocrx_word' id='word_1_103' title='bbox 371 1649 483 1714; x_wconf 87' lang='lat' dir='ltr'>divisis,</span> <span class='ocrx_word' id='word_1_104' title='bbox 508 1658 539 1705; x_wconf 86' lang='lat' dir='ltr'>ut</span> <span class='ocrx_word' id='word_1_105' title='bbox 563 1656 663 1723; x_wconf 85' lang='lat' dir='ltr'>quarte</span> <span class='ocrx_word' id='word_1_106' title='bbox 683 1653 714 1705; x_wconf 89' lang='lat' dir='ltr'>et</span> <span class='ocrx_word' id='word_1_107' title='bbox 737 1649 910 1705; x_wconf 78' lang='lat' dir='ltr'>duodecima</span> <span class='ocrx_word' id='word_1_108' title='bbox 930 1649 970 1704; x_wconf 87' lang='lat' dir='ltr'>le·</span> 
     </span>
     <span class='ocr_line' id='line_1_16' title="bbox 93 1741 970 1823; baseline -0.002 -19"><span class='ocrx_word' id='word_1_109' title='bbox 93 1747 211 1823; x_wconf 83' lang='lat' dir='ltr'>giones,</span> <span class='ocrx_word' id='word_1_110' title='bbox 235 1747 334 1804; x_wconf 88' lang='lat' dir='ltr'>addita</span> <span class='ocrx_word' id='word_1_111' title='bbox 347 1741 456 1821; x_wconf 76' lang='lat' dir='ltr'>quinta,</span> <span class='ocrx_word' id='word_1_112' title='bbox 480 1765 553 1822; x_wconf 84' lang='lat' dir='ltr'>quae</span> <span class='ocrx_word' id='word_1_113' title='bbox 574 1764 708 1804; x_wconf 82' lang='lat' dir='ltr'>recense</span> <span class='ocrx_word' id='word_1_114' title='bbox 733 1745 844 1804; x_wconf 85' lang='lat' dir='ltr'>Moesis</span> <span class='ocrx_word' id='word_1_115' title='bbox 868 1746 970 1804; x_wconf 82' lang='lat' dir='ltr'>exeita</span> 
     </span>
     <span class='ocr_line' id='line_1_17' title="bbox 94 1844 969 1920; baseline -0.001 -17"><span class='ocrx_word' id='word_1_116' title='bbox 94 1851 168 1911; x_wconf 85' lang='lat' dir='ltr'>erat,</span> <span class='ocrx_word' id='word_1_117' title='bbox 190 1844 274 1902; x_wconf 82' lang='lat' dir='ltr'>simul</span> <span class='ocrx_word' id='word_1_118' title='bbox 304 1845 427 1902; x_wconf 86' lang='lat' dir='ltr'>Pontica</span> <span class='ocrx_word' id='word_1_119' title='bbox 452 1851 481 1902; x_wconf 94' lang='lat' dir='ltr'>et</span> <span class='ocrx_word' id='word_1_120' title='bbox 504 1847 675 1903; x_wconf 81' lang='lat' dir='ltr'>Galatarum</span> <span class='ocrx_word' id='word_1_121' title='bbox 704 1847 969 1920; x_wconf 78' lang='lat' dir='ltr'>Cappadocumque</span> 
     </span>
     <span class='ocr_line' id='line_1_18' title="bbox 95 1941 969 2002; baseline -0.002 0"><span class='ocrx_word' id='word_1_122' title='bbox 95 1943 208 2002; x_wconf 86' lang='lat' dir='ltr'>auxilia</span> <span class='ocrx_word' id='word_1_123' title='bbox 224 1941 315 2000; x_wconf 88' lang='lat' dir='ltr'>Paeto</span> <span class='ocrx_word' id='word_1_124' title='bbox 328 1944 498 2002; x_wconf 82' lang='lat' dir='ltr'>obedirent:</span> <span class='ocrx_word' id='word_1_125' title='bbox 520 1945 604 2002; x_wconf 85' lang='lat' dir='ltr'>tertia</span> <span class='ocrx_word' id='word_1_126' title='bbox 616 1951 645 2001; x_wconf 89' lang='lat' dir='ltr'>et</span> <span class='ocrx_word' id='word_1_127' title='bbox 659 1954 743 2002; x_wconf 84' lang='lat' dir='ltr'>sexta</span> <span class='ocrx_word' id='word_1_128' title='bbox 757 1951 788 2002; x_wconf 89' lang='lat' dir='ltr'>et</span> <span class='ocrx_word' id='word_1_129' title='bbox 800 1945 915 2002; x_wconf 81' lang='lat' dir='ltr'>decima</span> <span class='ocrx_word' id='word_1_130' title='bbox 929 1945 969 2000; x_wconf 87' lang='lat' dir='ltr'>le·</span> 
     </span>
    </p>

    <p class='ocr_par' dir='ltr' id='par_1_3' title="bbox 41 2039 969 2716">
     <span class='ocr_line' id='line_1_19' title="bbox 41 2039 969 2120; baseline 0 -20"><span class='ocrx_word' id='word_1_131' title='bbox 41 2107 47 2120; x_wconf 50' lang='grc'>,</span> <span class='ocrx_word' id='word_1_132' title='bbox 100 2042 216 2117; x_wconf 88' lang='lat' dir='ltr'>giones,</span> <span class='ocrx_word' id='word_1_133' title='bbox 230 2039 361 2117; x_wconf 79' lang='lat' dir='ltr'>priorque</span> <span class='ocrx_word' id='word_1_134' title='bbox 375 2043 480 2118; x_wconf 85' lang='lat' dir='ltr'>Syriae</span> <span class='ocrx_word' id='word_1_135' title='bbox 496 2044 588 2109; x_wconf 80' lang='lat' dir='ltr'>miles,</span> <span class='ocrx_word' id='word_1_136' title='bbox 602 2045 677 2116; x_wconf 88' lang='lat' dir='ltr'>apud</span> <span class='ocrx_word' id='word_1_137' title='bbox 695 2045 891 2102; x_wconf 78' lang='lat' dir='ltr'>Corbulonem</span> <span class='ocrx_word' id='word_1_138' title='bbox 911 2057 969 2100; x_wconf 82' lang='lat' dir='ltr'>mu·</span> 
     </span>
     <span class='ocr_line' id='line_1_20' title="bbox 97 2141 967 2216; baseline -0.002 -18"><span class='ocrx_word' id='word_1_139' title='bbox 97 2146 213 2198; x_wconf 87' lang='lat' dir='ltr'>nerent.</span> <span class='ocrx_word' id='word_1_140' title='bbox 242 2141 348 2198; x_wconf 83' lang='lat' dir='ltr'>Cetera</span> <span class='ocrx_word' id='word_1_141' title='bbox 363 2159 401 2198; x_wconf 82' lang='lat' dir='ltr'>ex</span> <span class='ocrx_word' id='word_1_142' title='bbox 418 2159 511 2199; x_wconf 88' lang='lat' dir='ltr'>rernm</span> <span class='ocrx_word' id='word_1_143' title='bbox 523 2159 574 2198; x_wconf 85' lang='lat' dir='ltr'>usu</span> <span class='ocrx_word' id='word_1_144' title='bbox 588 2143 733 2200; x_wconf 77' lang='lat' dir='ltr'>sociarent</span> <span class='ocrx_word' id='word_1_145' title='bbox 747 2143 967 2216; x_wconf 84' lang='lat' dir='ltr'>partirenturre.</span> 
     </span>
     <span class='ocr_line' id='line_1_21' title="bbox 97 2228 968 2316; baseline -0.003 -18"><span class='ocrx_word' id='word_1_146' title='bbox 97 2239 159 2298; x_wconf 80' lang='lat' dir='ltr'>Sed</span> <span class='ocrx_word' id='word_1_147' title='bbox 180 2250 274 2312; x_wconf 83' lang='lat' dir='ltr'>neque</span> <span class='ocrx_word' id='word_1_148' title='bbox 300 2241 428 2298; x_wconf 79' lang='lat' dir='ltr'>Corbulo</span> <span class='ocrx_word' id='word_1_149' title='bbox 441 2241 546 2298; x_wconf 87' lang='lat' dir='ltr'>aemuli</span> <span class='ocrx_word' id='word_1_150' title='bbox 573 2228 704 2316; x_wconf 61' lang='lat' dir='ltr'>patiens}</span> <span class='ocrx_word' id='word_1_151' title='bbox 725 2247 755 2297; x_wconf 89' lang='lat' dir='ltr'>et</span> <span class='ocrx_word' id='word_1_152' title='bbox 784 2241 899 2307; x_wconf 86' lang='lat' dir='ltr'>Paetus,</span> <span class='ocrx_word' id='word_1_153' title='bbox 919 2238 968 2297; x_wconf 85' lang='lat' dir='ltr'>eni</span> 
     </span>
     <span class='ocr_line' id='line_1_22' title="bbox 96 2337 969 2414; baseline -0.002 -18"><span class='ocrx_word' id='word_1_154' title='bbox 96 2337 169 2396; x_wconf 83' lang='lat' dir='ltr'>satis</span> <span class='ocrx_word' id='word_1_155' title='bbox 183 2340 219 2394; x_wconf 89' lang='lat' dir='ltr'>ad</span> <span class='ocrx_word' id='word_1_156' title='bbox 234 2339 354 2412; x_wconf 89' lang='lat' dir='ltr'>gloriam</span> <span class='ocrx_word' id='word_1_157' title='bbox 370 2347 441 2408; x_wconf 91' lang='lat' dir='ltr'>erat,</span> <span class='ocrx_word' id='word_1_158' title='bbox 451 2341 476 2396; x_wconf 86' lang='lat' dir='ltr'>si</span> <span class='ocrx_word' id='word_1_159' title='bbox 491 2340 636 2414; x_wconf 82' lang='lat' dir='ltr'>proximus</span> <span class='ocrx_word' id='word_1_160' title='bbox 651 2341 813 2406; x_wconf 88' lang='lat' dir='ltr'>baberetur,</span> <span class='ocrx_word' id='word_1_161' title='bbox 826 2339 969 2410; x_wconf 82' lang='lat' dir='ltr'>despicie-</span> 
     </span>
     <span class='ocr_line' id='line_1_23' title="bbox 94 2437 968 2510; baseline 0 -15"><span class='ocrx_word' id='word_1_162' title='bbox 94 2438 147 2495; x_wconf 81' lang='lat' dir='ltr'>nat</span> <span class='ocrx_word' id='word_1_163' title='bbox 161 2437 253 2510; x_wconf 79' lang='lat' dir='ltr'>gesta,</span> <span class='ocrx_word' id='word_1_164' title='bbox 266 2445 273 2470; x_wconf 89' lang='lat'>‘</span> <span class='ocrx_word' id='word_1_165' title='bbox 286 2438 360 2495; x_wconf 88' lang='lat' dir='ltr'>nibil</span> <span class='ocrx_word' id='word_1_166' title='bbox 375 2439 483 2505; x_wconf 79' lang='lat' dir='ltr'>caedis,</span> <span class='ocrx_word' id='word_1_167' title='bbox 497 2445 547 2496; x_wconf 90' lang='lat' dir='ltr'>aut</span> <span class='ocrx_word' id='word_1_168' title='bbox 561 2440 694 2510; x_wconf 86' lang='lat' dir='ltr'>praedae,</span> <span class='ocrx_word' id='word_1_169' title='bbox 715 2444 863 2510; x_wconf 86' lang='lat' dir='ltr'>usurpatas</span> <span class='ocrx_word' id='word_1_170' title='bbox 879 2437 968 2495; x_wconf 90' lang='lat' dir='ltr'>norni-</span> 
     </span>
     <span class='ocr_line' id='line_1_24' title="bbox 94 2523 967 2610; baseline 0.006 -19"><span class='ocrx_word' id='word_1_171' title='bbox 94 2539 153 2592; x_wconf 87' lang='lat' dir='ltr'>‘ne</span> <span class='ocrx_word' id='word_1_172' title='bbox 167 2540 253 2592; x_wconf 90' lang='lat' dir='ltr'>tenus</span> <span class='ocrx_word' id='word_1_173' title='bbox 264 2537 376 2610; x_wconf 79' lang='lat' dir='ltr'>urbium</span> <span class='ocrx_word' id='word_1_174' title='bbox 386 2535 626 2610; x_wconf 81' lang='lat' dir='ltr'>expugnationes&#39;</span> <span class='ocrx_word' id='word_1_175' title='bbox 634 2535 788 2592; x_wconf 81' lang='lat' dir='ltr'>dictitans:</span> <span class='ocrx_word' id='word_1_176' title='bbox 804 2523 967 2596; x_wconf 74' lang='lat' dir='ltr'>‘retributa</span> 
     </span>
     <span class='ocr_line' id='line_1_25' title="bbox 94 2627 966 2716; baseline 0.005 -26"><span class='ocrx_word' id='word_1_177' title='bbox 94 2637 151 2690; x_wconf 80' lang='lat' dir='ltr'>‘ao</span> <span class='ocrx_word' id='word_1_178' title='bbox 164 2636 252 2706; x_wconf 87' lang='lat' dir='ltr'>leges,</span> <span class='ocrx_word' id='word_1_179' title='bbox 266 2641 307 2702; x_wconf 90' lang='lat' dir='ltr'>et,</span> <span class='ocrx_word' id='word_1_180' title='bbox 316 2627 583 2710; x_wconf 69' lang='lat' dir='ltr'>proumbra&#39;llegia</span> <span class='ocrx_word' id='word_1_181' title='bbox 596 2635 757 2716; x_wconf 86' lang='lat' dir='ltr'>Romanum</span> <span class='ocrx_word' id='word_1_182' title='bbox 766 2636 810 2692; x_wconf 90' lang='lat' dir='ltr'>ius</span> <span class='ocrx_word' id='word_1_183' title='bbox 822 2636 909 2694; x_wconf 81' lang='lat' dir='ltr'>vietis</span> <span class='ocrx_word' id='word_1_184' title='bbox 924 2637 966 2694; x_wconf 90' lang='lat' dir='ltr'>in-</span> 
     </span>
    </p>

    <p class='ocr_par' dir='ltr' id='par_1_4' title="bbox 91 2723 996 3402">
     <span class='ocr_line' id='line_1_26' title="bbox 91 2723 996 2811; baseline 0.004 -23"><span class='ocrx_word' id='word_1_185' title='bbox 91 2737 100 2766; x_wconf 87' lang='lat'>‘</span> <span class='ocrx_word' id='word_1_186' title='bbox 116 2727 296 2806; x_wconf 66' lang='lat' dir='ltr'>positurum?</span> <span class='ocrx_word' id='word_1_187' title='bbox 327 2733 388 2790; x_wconf 86' lang='lat' dir='ltr'>Sub</span> <span class='ocrx_word' id='word_1_188' title='bbox 397 2735 476 2791; x_wconf 88' lang='lat' dir='ltr'>idem</span> <span class='ocrx_word' id='word_1_189' title='bbox 492 2740 602 2808; x_wconf 85' lang='lat' dir='ltr'>tempus</span> <span class='ocrx_word' id='word_1_190' title='bbox 617 2735 705 2809; x_wconf 87' lang='lat' dir='ltr'>legati</span> <span class='ocrx_word' id='word_1_191' title='bbox 720 2735 884 2810; x_wconf 81' lang='lat' dir='ltr'>Vologesis,</span> <span class='ocrx_word' id='word_1_192' title='bbox 895 2723 996 2811; x_wconf 64' lang='lat' dir='ltr'>quos?</span> 
     </span>
     <span class='ocr_line' id='line_1_27' title="bbox 94 2830 965 2904; baseline 0.005 -16"><span class='ocrx_word' id='word_1_193' title='bbox 94 2831 133 2888; x_wconf 80' lang='lat' dir='ltr'>ad</span> <span class='ocrx_word' id='word_1_194' title='bbox 149 2830 317 2902; x_wconf 81' lang='lat' dir='ltr'>Principem</span> <span class='ocrx_word' id='word_1_195' title='bbox 331 2831 432 2888; x_wconf 81' lang='lat' dir='ltr'>missos</span> <span class='ocrx_word' id='word_1_196' title='bbox 448 2835 617 2904; x_wconf 82' lang='lat' dir='ltr'>memoravi,</span> <span class='ocrx_word' id='word_1_197' title='bbox 631 2841 776 2892; x_wconf 88' lang='lat' dir='ltr'>revertere</span> <span class='ocrx_word' id='word_1_198' title='bbox 789 2835 885 2892; x_wconf 87' lang='lat' dir='ltr'>inriti:</span> <span class='ocrx_word' id='word_1_199' title='bbox 906 2837 965 2892; x_wconf 86' lang='lat' dir='ltr'>bel·</span> 
     </span>
     <span class='ocr_line' id='line_1_28' title="bbox 93 2931 964 3005; baseline 0.003 -18"><span class='ocrx_word' id='word_1_200' title='bbox 93 2931 213 3003; x_wconf 85' lang='lat' dir='ltr'>tumque</span> <span class='ocrx_word' id='word_1_201' title='bbox 241 2931 389 3002; x_wconf 83' lang='lat' dir='ltr'>propalam</span> <span class='ocrx_word' id='word_1_202' title='bbox 410 2937 554 3005; x_wconf 81' lang='lat' dir='ltr'>sumptum</span> <span class='ocrx_word' id='word_1_203' title='bbox 581 2951 599 2989; x_wconf 87' lang='lat' dir='ltr'>a</span> <span class='ocrx_word' id='word_1_204' title='bbox 628 2934 828 2991; x_wconf 69' lang='lat' dir='ltr'>Parthienen</span> <span class='ocrx_word' id='word_1_205' title='bbox 857 2933 964 2992; x_wconf 80' lang='lat' dir='ltr'>Paetus</span> 
     </span>
     <span class='ocr_line' id='line_1_29' title="bbox 95 3027 962 3108; baseline 0.005 -22"><span class='ocrx_word' id='word_1_206' title='bbox 95 3027 356 3096; x_wconf 64' lang='lat' dir='ltr'>detrectantem</span> <span class='ocrx_word' id='word_1_207' title='bbox 378 3031 489 3087; x_wconf 85' lang='lat' dir='ltr'>duabus</span> <span class='ocrx_word' id='word_1_208' title='bbox 512 3031 681 3104; x_wconf 84' lang='lat' dir='ltr'>legionibus,</span> <span class='ocrx_word' id='word_1_209' title='bbox 703 3050 818 3106; x_wconf 87' lang='lat' dir='ltr'>quarum</span> <span class='ocrx_word' id='word_1_210' title='bbox 832 3041 962 3108; x_wconf 87' lang='lat' dir='ltr'>quartam</span> 
     </span>
     <span class='ocr_line' id='line_1_30' title="bbox 94 3108 962 3204; baseline 0.006 -20"><span class='ocrx_word' id='word_1_211' title='bbox 94 3108 294 3184; x_wconf 72' lang='lat' dir='ltr'>Funisulanus</span> <span class='ocrx_word' id='word_1_212' title='bbox 309 3126 506 3186; x_wconf 81' lang='lat' dir='ltr'>Vettonianus</span> <span class='ocrx_word' id='word_1_213' title='bbox 520 3146 557 3186; x_wconf 92' lang='lat' dir='ltr'>eo</span> <span class='ocrx_word' id='word_1_214' title='bbox 570 3129 747 3204; x_wconf 88' lang='lat' dir='ltr'>intempore,</span> <span class='ocrx_word' id='word_1_215' title='bbox 761 3134 962 3190; x_wconf 81' lang='lat' dir='ltr'>duodecimam</span> 
     </span>
     <span class='ocr_line' id='line_1_31' title="bbox 98 3224 961 3300; baseline 0.002 -16"><span class='ocrx_word' id='word_1_216' title='bbox 98 3225 240 3284; x_wconf 77' lang='lat' dir='ltr'>Calavius</span> <span class='ocrx_word' id='word_1_217' title='bbox 262 3224 398 3296; x_wconf 80' lang='lat' dir='ltr'>Sabinus,</span> <span class='ocrx_word' id='word_1_218' title='bbox 413 3229 561 3300; x_wconf 85' lang='lat' dir='ltr'>regebant,</span> <span class='ocrx_word' id='word_1_219' title='bbox 579 3229 748 3287; x_wconf 87' lang='lat' dir='ltr'>Armeniam</span> <span class='ocrx_word' id='word_1_220' title='bbox 774 3230 869 3300; x_wconf 85' lang='lat' dir='ltr'>intrat,</span> <span class='ocrx_word' id='word_1_221' title='bbox 898 3230 961 3286; x_wconf 82' lang='lat' dir='ltr'>tris·</span> 
     </span>
     <span class='ocr_line' id='line_1_32' title="bbox 94 3322 962 3402; baseline 0.007 -22"><span class='ocrx_word' id='word_1_222' title='bbox 94 3322 119 3380; x_wconf 92' lang='lat' dir='ltr'>ti</span> <span class='ocrx_word' id='word_1_223' title='bbox 146 3322 254 3380; x_wconf 89' lang='lat' dir='ltr'>omine.</span> <span class='ocrx_word' id='word_1_224' title='bbox 307 3323 386 3382; x_wconf 88' lang='lat' dir='ltr'>Nam</span> <span class='ocrx_word' id='word_1_225' title='bbox 414 3323 446 3383; x_wconf 88' lang='lat' dir='ltr'>in</span> <span class='ocrx_word' id='word_1_226' title='bbox 474 3330 652 3401; x_wconf 77' lang='lat' dir='ltr'>transgressu</span> <span class='ocrx_word' id='word_1_227' title='bbox 679 3327 843 3400; x_wconf 87' lang='lat' dir='ltr'>Euphratis,</span> <span class='ocrx_word' id='word_1_228' title='bbox 876 3341 962 3402; x_wconf 83' lang='lat' dir='ltr'>quem</span> 
     </span>
    </p>
   </div>
   <div class='ocr_carea' id='block_1_3' title="bbox 128 3445 662 3604">
    <p class='ocr_par' dir='ltr' id='par_1_5' title="bbox 128 3445 662 3604">
     <span class='ocr_line' id='line_1_33' title="bbox 128 3445 384 3538; baseline 0.008 -16"><span class='ocrx_word' id='word_1_229' title='bbox 128 3475 250 3536; x_wconf 73' lang='lat' dir='ltr'>uerear]</span> <span class='ocrx_word' id='word_1_230' title='bbox 281 3445 384 3538; x_wconf 60' lang='lat' dir='ltr'>oapssav</span> 
     </span>
     <span class='ocr_line' id='line_1_34' title="bbox 134 3533 662 3604; baseline -0.002 -9"><span class='ocrx_word' id='word_1_231' title='bbox 134 3555 203 3604; x_wconf 77' lang='lat' dir='ltr'>roa,</span> <span class='ocrx_word' id='word_1_232' title='bbox 228 3555 265 3596; x_wconf 86' lang='lat' dir='ltr'>rr.</span> <span class='ocrx_word' id='word_1_233' title='bbox 546 3533 590 3594; x_wconf 79' lang='grc'>5*</span> <span class='ocrx_word' id='word_1_234' title='bbox 659 3539 662 3546; x_wconf 75' lang='grc'>“</span> 
     </span>
    </p>
   </div>
   <div class='ocr_carea' id='block_1_4' title="bbox 0 0 1074 3818">
    <p class='ocr_par' dir='ltr' id='par_1_6' title="bbox 0 0 1074 3818">
     <span class='ocr_line' id='line_1_35' title="bbox 0 0 1074 3818; baseline 0 0"><span class='ocrx_word' id='word_1_235' title='bbox 0 0 1074 3818; x_wconf 95' lang='lat' dir='ltr'> </span> 
     </span>
    </p>
   </div>
  </div>
 </body>
</html>
