2100 3816
16 303 17 316 ,
89 231 159 296 1⁵2
370 243 620 294 nrsronrnavu
811 247 839 296 n.
855 245 884 294 v.
901 247 959 295 am.

83 399 220 460 nantibus
234 399 402 472 intrepidus,
430 402 568 457 adversus
596 381 783 458 blandientes
808 397 959 473 incorrup·

29 497 73 557 36
85 505 139 558 tua.
181 499 267 556 Haud
282 498 386 556 (labiae
406 499 509 555 iamin
534 497 636 554 castris
662 497 792 555 omnium
821 503 956 555 mentes:

84 603 238 672 tantusque
268 598 362 663 ardor,
390 601 421 653 ut
451 613 509 654 non
540 597 674 654 contenti
705 597 822 669 agmine
843 601 874 652 et
892 613 956 653 cor·

83 696 209 771 poribus,
229 695 260 753 in
281 701 424 768 suggestu,
447 695 477 751 in
499 711 555 768 quo
575 696 672 767 paullo
692 699 760 751 ante
775 712 864 751 aurea
883 694 954 751 Gal·

83 797 138 853 bae
172 799 267 852 statua
301 794 402 857 luerat,
436 792 561 850 medium
592 793 668 849 inter
700 793 784 866 signa
805 792 953 849 Othonem

83 893 205 951 vexillis
218 893 439 953 circumdarent.
481 891 547 948 Nec
569 889 710 947 'l'rihunis
730 896 780 948 sut
801 889 955 948 Centurio·

84 991 170 1050 uibus
191 991 314 1051 adeundi
329 993 428 1048 locus:
449 989 595 1064 gregarius
620 988 703 1045 miles
723 987 815 1044 cuceri
837 988 954 1062 insuper

77 1087 252 1167 praepositos
271 1090 399 1146 iubebat.
441 1089 576 1161 strepere
601 1093 708 1144 cuncte
731 1087 953 1144 clamoribuset

83 1191 205 1245 tumultu
225 1192 256 1244 et
285 1186 489 1244 exhortatione
518 1192 624 1253 mutua,
652 1203 710 1242 non
742 1178 891 1260 umquam
919 1185 951 1242 in

82 1287 189 1360 populo
218 1301 254 1342 ac
284 1287 380 1358 plehe,
410 1284 499 1341 variis
518 1285 601 1356 segni
632 1283 800 1340 adulatione
822 1285 951 1349 vocibus,

83 1384 144 1450 sed,
163 1387 194 1440 ut
214 1399 355 1458 quemque
376 1381 562 1439 adfluentium
592 1382 716 1438 militum
747 1383 952 1454 adspexerant,

84 1499 221 1555 prensare
242 1480 382 1546 manibus,
405 1480 561 1552 complecti
576 1479 672 1545 armis,
691 1481 848 1536 conlocare
862 1480 952 1544 iuxta,

84 1583 196 1658 praeire
217 1585 438 1648 sacramentum,
461 1580 546 1636 modo
568 1579 774 1649 Imperatorem
802 1578 952 1644 militibus,

86 1683 172 1739 modo
186 1663 357 1752 imperatori
381 1677 487 1735 milites
507 1677 719 1734 commendare.
761 1677 829 1732 Nec
853 1677 951 1732 deerat
1035 1729 1036 1748 p

41 1841 45 1848 ,
87 1778 174 1844 Otho,
202 1777 376 1850 protendens
409 1791 520 1840 manus,
552 1776 670 1832 adorare
699 1775 828 1847 vulgum,
855 1773 951 1830 lacere
1035 1751 1036 1814 Ῑ

14 1885 23 1942 r*
82 1877 195 1941 oscula,
219 1875 360 1931 etomaia
381 1873 526 1931 serviliter
546 1891 597 1945 pro
620 1873 829 1930 dominatione.
872 1871 951 1928 Post·
1035 1855 1036 1867 ¹

87 1989 171 2047 quam
191 1972 327 2029 universa
346 1972 533 2029 classicorum
553 1967 629 2045 legio
652 1977 866 2027 sacramentum
889 1969 951 2026 eius

43 2099 51 2105 -
86 2069 217 2141 accepit;
238 2069 330 2126 tuens
350 2070 468 2137 viribus,
488 2077 528 2137 et,
548 2087 618 2144 quos
638 2069 732 2125 atlhuc
752 2069 882 2142 singulos
902 2085 951 2124 ex·

86 2169 296 2235 stimulaverat,
326 2169 530 2226 accendendos
559 2169 590 2224 in
619 2183 772 2224 commune
793 2173 879 2234 ratus,
900 2181 952 2239 pro

35 2274 76 2337 37
88 2271 168 2326 vallo
185 2273 341 2327 castrorum
360 2267 402 2324 ite
421 2267 537 2338 coepits
558 2265 651 2337 ‘Quis
674 2266 711 2320 atl
733 2281 785 2320 vos
806 2279 952 2336 processe.

88 2367 170 2436 ‘rim,
199 2365 422 2432 commilitones,
448 2366 545 2423 dicere
572 2381 629 2421 non
651 2379 781 2436 possum:
802 2362 871 2437 quia
896 2379 953 2419 nec

87 2468 251 2541 ‘privatum
279 2483 325 2523 nte
353 2481 459 2522 vocare
486 2465 624 2528 sustineo,
652 2461 792 2534 Princeps
819 2477 838 2518 a
866 2461 953 2517 vobis

88 2566 286 2632 ‘nominatum
308 2580 363 2620 nec
384 2563 559 2633 Principem,
583 2561 642 2618 alio
665 2561 836 2632 imperante.
877 2559 954 2615 Ves-

88 2667 180 2718 ·trum
200 2679 311 2736 quoque
330 2677 435 2718 nomen
455 2661 486 2717 in
506 2661 619 2716 incerto
642 2659 706 2722 erit,
725 2659 819 2714 donec
841 2656 953 2713 dubita·
1034 2649 1035 2658 ’

88 2757 191 2824 ‘hitun
212 2759 427 2829 vImperatorem
459 2757 572 2830 Populi
593 2757 677 2813 Rom.
708 2756 737 2813 in
766 2755 879 2821 castris,
912 2771 952 2811 an

87 2855 219 2912 ‘hostem
240 2855 378 2912 habeatis.
441 2855 605 2922 Auditisne,
638 2863 669 2910 ut
701 2869 795 2927 poena
825 2871 892 2909 mea
920 2857 952 2911 et
1034 2839 1035 2913 l

87 2951 278 3024 ‘supplicium
299 2958 425 3012 vestrum
438 2953 522 3010 simul
543 2951 745 3026 postulentur?
765 2953 840 3008 adeo
861 2951 951 3009 mani·

88 3049 210 3106 ‘lectum
231 3053 284 3116 est,
305 3067 397 3123 neque
426 3051 518 3123 perire
546 3067 607 3116 nos,
636 3068 730 3124 neque
750 3033 848 3106 salvos
876 3067 951 3118 ease,

87 3145 163 3202 ‘nisi
183 3163 250 3211 una,
269 3162 362 3216 posse.
411 3145 460 3212 Et,
489 3147 570 3204 cuius
603 3147 735 3208 lenitatis
765 3152 810 3202 est
843 3148 950 3217 Galba,

86 3241 164 3298 ‘iam
183 3241 301 3297 tortasse
321 3240 468 3312 promisit:
497 3249 529 3300 ut
557 3243 616 3316 qui,
647 3247 728 3301 nullo
757 3251 950 3316 exposcente,

87 3339 149 3392 ‘tot
177 3335 268 3393 millia
296 3335 598 3396 innocentissimorum
631 3340 754 3398 militum
786 3343 951 3400 trucidave-

88 3431 153 3488 ‘rit.
206 3433 313 3490 Horror
339 3431 467 3492 animum
485 3436 572 3500 subit,
593 3437 726 3513 quotiens
746 3443 883 3499 recordor
912 3441 952 3500 le-
