2090 3838
102 169 176 238 att
403 187 656 236 ursucmsnvnl
821 187 897 238 Η.
913 166 968 238 aaa.

102 359 180 403 mum
202 341 268 417 pilis
287 347 318 400 et
337 344 449 401 lanceis
476 343 664 400 rimabuntur.
684 359 754 401 uam
767 341 879 400 Valens
908 359 967 400 ser·

102 444 156 503 vili
191 451 274 500 veste
307 445 382 516 apud
417 443 613 501 Decuriouem
646 443 776 517 equitum
810 444 968 515 tegebatur.

104 543 184 603 Tum
219 544 370 616 Alpheum
397 542 502 606 Varus,
523 541 692 599 Praefectus
718 541 886 608 castromm,
920 541 968 597 de·

103 642 243 715 flagrante
271 641 418 715 paullatim
446 641 600 708 seditione,
621 641 701 698 addit
727 640 891 708 consilium,
919 657 968 697 ve·

103 741 165 800 titis
178 742 259 799 obire
275 739 389 815 vigilias
404 739 640 805 centurionibus,
653 739 762 798 omisso
777 741 864 796 tubae
887 755 969 805 acuo,

103 857 160 916 quc
186 841 269 898 miles
284 841 332 897 ·ad
360 839 429 896 belli
457 840 554 898 munia
582 841 683 897 cietur.
737 837 829 912 igitur
855 843 967 911 torpere

103 940 212 1006 cuncti,
244 939 486 1010 circumspectare
518 939 596 996 inter
627 955 660 995 se
694 937 840 995 adtoniti:
882 943 913 994 et
938 935 967 992 id

102 1037 206 1111 ipsum,
229 1040 304 1112 quod
326 1055 413 1096 nemo
434 1044 555 1111 regeret,
580 1043 738 1111 paventes:
767 1035 896 1103 silentio,
920 1051 967 1108 pu·

102 1135 215 1202 beotia,
255 1144 399 1207 postremo
436 1137 570 1210 precibus
603 1153 639 1194 ac
672 1136 810 1210 lacrymis
850 1134 966 1192 ceuiaua

102 1235 285 1308 quaerebant.
326 1235 370 1292 Vt
401 1253 472 1296 vero
500 1233 637 1292 deformia
667 1240 698 1291 et
731 1235 804 1291 bens
838 1241 868 1291 et
890 1249 966 1307 prae·

101 1337 146 1391 ter
158 1351 239 1406 spem
265 1332 418 1390 incolumia
439 1333 553 1391 Valens
568 1333 715 1405 processit,
735 1333 882 1408 gaudium,
903 1331 966 1390 mis·

102 1433 202 1498 aratio,
223 1431 323 1489 lavor:
346 1431 422 1488 versi
455 1431 486 1489 in
520 1431 671 1496 laetitiam,
704 1432 749 1507 (ut
783 1437 828 1487 est
866 1433 967 1505 vulgus

101 1541 221 1611 utroque
253 1535 444 1612 inmodicum)
471 1536 621 1592 laudantes
652 1538 875 1608 gratantesque:
915 1533 968 1592 cir·

101 1639 268 1694 cumdalum
281 1635 384 1711 aquilis
404 1635 549 1709 signisque
563 1636 594 1692 iu
618 1635 742 1692 tribuual
764 1635 868 1692 lerunt.
912 1635 966 1692 llls

95 1735 166 1792 alili
191 1735 387 1792 moderatione
415 1751 472 1791 non
486 1734 659 1807 supplicium
673 1735 842 1808 cuiusquam
868 1751 967 1808 popos·

101 1831 160 1890 eit:
195 1849 231 1888 ac
265 1849 303 1888 ue
335 1832 519 1888 dissimulans
553 1833 714 1904 suspreclior
747 1833 829 1899 toret,
861 1849 967 1906 paucos

99 1929 266 1988 incusavit:
300 1947 406 2004 guums
439 1931 576 1988 civilibus
605 1931 690 1988 bellis
725 1933 787 2002 plus
819 1931 968 1999 militibus,

47 2031 187 2104 zbqoam
201 2028 341 2094 Ducibus,
355 2029 453 2086 licere.
495 2029 696 2086 Munientibus
714 2035 808 2084 caetra
824 2031 901 2100 apud
916 2029 969 2086 'Pi-

99 2127 208 2192 uiuum,
222 2127 259 2184 de
272 2127 396 2184 adversa
411 2125 558 2185 Caecinae
574 2145 668 2201 pugna
682 2129 820 2191 adlatum,
835 2137 866 2183 et
881 2145 968 2200 prope

100 2231 241 2286 renovata
264 2209 378 2292 seditio,
405 2229 572 2299 ‘tamquam
601 2227 697 2282 fraude
724 2233 752 2280 et
774 2225 969 2282 cunctationi·
1032 2273 1033 2286 ,

84 2328 172 2384 “bun
194 2325 330 2382 Valentis
358 2324 466 2398 proelio
489 2323 667 2382 defuissent?
717 2325 806 2380 Nolle
832 2325 967 2398 requiem,
1032 2289 1033 2348 i

100 2443 160 2486 uon
176 2431 346 2498 exspectare
361 2425 484 2490 Ducem,
505 2424 616 2480 anteire
639 2425 731 2497 sigua,
757 2442 860 2496 urgere
882 2422 967 2496 signi·

100 2525 183 2582 ieros.
210 2525 309 2598 rapido
335 2523 450 2596 agmine
475 2522 623 2580 Caecinae
648 2523 811 2595 iunguntur.
856 2524 968 2595 lupres-

100 2641 169 2697 pera
184 2623 319 2679 Valentis
339 2621 415 2678 lama
438 2623 512 2693 apud
527 2621 687 2678 exercitum
716 2621 866 2679 Caecinae
889 2625 965 2678 erat:
1032 2693 1033 2696 Ἴ

100 2727 109 2755 ⁶
120 2720 268 2793 expositos
276 2739 307 2776 se
317 2727 404 2777 tauto·
412 2720 561 2793 pauciores
571 2721 690 2792 integris
703 2720 827 2777 bostium
839 2716 967 2787 viribus,’
1032 2699 1033 2784 i

100 2821 300 2895 querebantur,
330 2820 414 2875 simul
446 2819 474 2875 in
496 2837 576 2875 suam
597 2818 826 2883 excusationem,
858 2825 888 2875 el
919 2818 967 2874 ad·

101 2919 284 2978 ventanlium
310 2919 394 2975 robur
423 2935 474 2990 per
501 2919 697 2976 adulationem
721 2919 908 2984 adtollentes,
928 2933 966 2973 ue
1009 2933 1033 3003 „i

100 3024 132 3078 ut
154 3019 225 3092 victi
254 3025 284 3074 et
314 3018 416 3092 ignavi
443 3019 688 3090 despectareutur.
728 3017 767 3073 Et
794 3031 967 3091 quamquam
1032 3011 1033 3070 l

101 3121 165 3192 plus
180 3117 293 3183 virium,
315 3133 402 3188 prope
427 3117 589 3188 duplicatus
615 3117 760 3192 legionum
781 3115 967 3176 auxiliorum·

100 3233 155 3290 que
171 3231 303 3270 numerus
316 3219 377 3269 erat
402 3213 533 3280 Valenti,
558 3218 652 3273 studia
667 3224 764 3273 tamen
788 3214 913 3274 militum
933 3213 966 3272 iu

101 3311 263 3370 Caecinam
282 3310 482 3379 inclinabaulr
503 3328 588 3385 super
619 3314 831 3389 benignitatem
866 3313 968 3383 animi,

101 3429 157 3486 qua
190 3409 348 3484 promptior
381 3409 549 3481 habebatur,
587 3413 676 3473 etiam
710 3416 813 3502 vigore
853 3413 972 3501 aetatis,
1032 3391 1033 3452 7
