<?xml version="1.0" encoding="UTF-8"?>
<!DOCTYPE html PUBLIC "-//W3C//DTD XHTML 1.0 Transitional//EN"
    "http://www.w3.org/TR/xhtml1/DTD/xhtml1-transitional.dtd">
<html xmlns="http://www.w3.org/1999/xhtml" xml:lang="en" lang="en">
 <head>
  <title>
</title>
<meta http-equiv="Content-Type" content="text/html;charset=utf-8" />
  <meta name='ocr-system' content='tesseract 3.04.00' />
  <meta name='ocr-capabilities' content='ocr_page ocr_carea ocr_par ocr_line ocrx_word'/>
</head>
<body>
  <div class='ocr_page' id='page_1' title='image "./operaexrecensio02tacigoog_0111.png"; bbox 0 0 2100 3816; ppageno 0'>
   <div class='ocr_carea' id='block_1_1' title="bbox 13 167 978 256">
    <p class='ocr_par' dir='ltr' id='par_1_1' title="bbox 13 167 978 256">
     <span class='ocr_line' id='line_1_1' title="bbox 13 167 978 256; baseline -0.006 -22"><span class='ocrx_word' id='word_1_1' title='bbox 13 239 14 256; x_wconf 16' lang='grc' dir='ltr'>ἶ</span> <span class='ocrx_word' id='word_1_2' title='bbox 111 167 159 234; x_wconf 87' lang='grc'><strong>98</strong></span> <span class='ocrx_word' id='word_1_3' title='bbox 352 181 537 230; x_wconf 79' lang='lat' dir='ltr'><strong>auuaurvu</strong></span> <span class='ocrx_word' id='word_1_4' title='bbox 563 181 633 228; x_wconf 81' lang='lat' dir='ltr'><strong>nra.</strong></span> <span class='ocrx_word' id='word_1_5' title='bbox 662 180 720 228; x_wconf 86' lang='lat' dir='ltr'><strong>xv.</strong></span> <span class='ocrx_word' id='word_1_6' title='bbox 837 181 867 229; x_wconf 79' lang='lat' dir='ltr'><strong>a.</strong></span> <span class='ocrx_word' id='word_1_7' title='bbox 882 180 914 229; x_wconf 91' lang='lat' dir='ltr'><strong>v.</strong></span> <span class='ocrx_word' id='word_1_8' title='bbox 928 183 978 230; x_wconf 81' lang='lat' dir='ltr'><strong>ara.</strong></span> 
     </span>
    </p>
   </div>
   <div class='ocr_carea' id='block_1_2' title="bbox 108 331 979 1482">
    <p class='ocr_par' dir='ltr' id='par_1_2' title="bbox 108 331 979 1482">
     <span class='ocr_line' id='line_1_2' title="bbox 108 331 977 412; baseline -0.005 -16"><span class='ocrx_word' id='word_1_9' title='bbox 108 336 279 412; x_wconf 77' lang='lat' dir='ltr'><strong>capitolium</strong></span> <span class='ocrx_word' id='word_1_10' title='bbox 299 335 437 404; x_wconf 71' lang='lat' dir='ltr'><strong>sacravit,</strong></span> <span class='ocrx_word' id='word_1_11' title='bbox 458 331 664 409; x_wconf 75' lang='lat' dir='ltr'><strong>inscripsitque</strong></span> <span class='ocrx_word' id='word_1_12' title='bbox 684 349 749 390; x_wconf 86' lang='lat' dir='ltr'><strong>rovr</strong></span> <span class='ocrx_word' id='word_1_13' title='bbox 764 349 899 392; x_wconf 85' lang='lat' dir='ltr'><strong>vrumor.</strong></span> <span class='ocrx_word' id='word_1_14' title='bbox 940 335 977 392; x_wconf 91' lang='lat' dir='ltr'><strong>ln</strong></span> 
     </span>
     <span class='ocr_line' id='line_1_3' title="bbox 109 425 979 512; baseline -0.006 -17"><span class='ocrx_word' id='word_1_15' title='bbox 109 453 245 512; x_wconf 85' lang='lat' dir='ltr'><strong>praeseus</strong></span> <span class='ocrx_word' id='word_1_16' title='bbox 259 436 336 494; x_wconf 85' lang='lat' dir='ltr'><strong>baud</strong></span> <span class='ocrx_word' id='word_1_17' title='bbox 361 435 614 492; x_wconf 79' lang='lat' dir='ltr'><strong>animadversum:</strong></span> <span class='ocrx_word' id='word_1_18' title='bbox 635 437 700 505; x_wconf 87' lang='lat' dir='ltr'><strong>post</strong></span> <span class='ocrx_word' id='word_1_19' title='bbox 721 425 801 490; x_wconf 82' lang='lat' dir='ltr'><strong>a&#39;rma</strong></span> <span class='ocrx_word' id='word_1_20' title='bbox 818 431 888 490; x_wconf 90' lang='lat' dir='ltr'><strong>lulii</strong></span> <span class='ocrx_word' id='word_1_21' title='bbox 903 431 979 490; x_wconf 91' lang='lat' dir='ltr'><strong>Vin·</strong></span> 
     </span>
     <span class='ocr_line' id='line_1_4' title="bbox 109 531 978 608; baseline -0.005 -14"><span class='ocrx_word' id='word_1_22' title='bbox 109 536 194 605; x_wconf 84' lang='lat' dir='ltr'><strong>diois,</strong></span> <span class='ocrx_word' id='word_1_23' title='bbox 215 537 254 593; x_wconf 80' lang='lat' dir='ltr'><strong>aa</strong></span> <span class='ocrx_word' id='word_1_24' title='bbox 274 533 438 608; x_wconf 70' lang='lat' dir='ltr'><strong>auspicium</strong></span> <span class='ocrx_word' id='word_1_25' title='bbox 457 539 488 590; x_wconf 92' lang='lat' dir='ltr'><strong>et</strong></span> <span class='ocrx_word' id='word_1_26' title='bbox 518 531 700 606; x_wconf 78' lang='lat' dir='ltr'><strong>praesagium</strong></span> <span class='ocrx_word' id='word_1_27' title='bbox 724 531 835 590; x_wconf 81' lang='lat' dir='ltr'><strong>suturae</strong></span> <span class='ocrx_word' id='word_1_28' title='bbox 859 532 978 590; x_wconf 89' lang='lat' dir='ltr'><strong>ultionis</strong></span> 
     </span>
     <span class='ocr_line' id='line_1_5' title="bbox 111 630 979 707; baseline -0.005 -13"><span class='ocrx_word' id='word_1_29' title='bbox 111 637 289 694; x_wconf 69' lang='lat' dir='ltr'><strong>trahebatur.</strong></span> <span class='ocrx_word' id='word_1_30' title='bbox 313 633 440 707; x_wconf 86' lang='lat' dir='ltr'><strong>Reperio</strong></span> <span class='ocrx_word' id='word_1_31' title='bbox 454 631 485 690; x_wconf 90' lang='lat' dir='ltr'><strong>in</strong></span> <span class='ocrx_word' id='word_1_32' title='bbox 498 630 716 692; x_wconf 84' lang='lat' dir='ltr'><strong>eommentnriis</strong></span> <span class='ocrx_word' id='word_1_33' title='bbox 728 632 864 698; x_wconf 76' lang='lat' dir='ltr'><strong>Senatus,</strong></span> <span class='ocrx_word' id='word_1_34' title='bbox 879 631 979 690; x_wconf 80' lang='lat' dir='ltr'><strong>ceria·</strong></span> 
     </span>
     <span class='ocr_line' id='line_1_6' title="bbox 109 732 974 806; baseline -0.005 -12"><span class='ocrx_word' id='word_1_35' title='bbox 109 738 169 794; x_wconf 89' lang='lat' dir='ltr'><strong>lem</strong></span> <span class='ocrx_word' id='word_1_36' title='bbox 185 735 331 804; x_wconf 76' lang='lat' dir='ltr'><strong>Anicium,</strong></span> <span class='ocrx_word' id='word_1_37' title='bbox 352 733 511 791; x_wconf 75' lang='lat' dir='ltr'><strong>Consulem</strong></span> <span class='ocrx_word' id='word_1_38' title='bbox 531 732 724 806; x_wconf 82' lang='lat' dir='ltr'><strong>designatum,</strong></span> <span class='ocrx_word' id='word_1_39' title='bbox 751 748 803 804; x_wconf 93' lang='lat' dir='ltr'><strong>pro</strong></span> <span class='ocrx_word' id='word_1_40' title='bbox 826 732 974 790; x_wconf 86' lang='lat' dir='ltr'><strong>sententia</strong></span> 
     </span>
     <span class='ocr_line' id='line_1_7' title="bbox 110 830 977 906; baseline -0.002 -14"><span class='ocrx_word' id='word_1_41' title='bbox 110 834 231 901; x_wconf 81' lang='lat' dir='ltr'><strong>dixisse,</strong></span> <span class='ocrx_word' id='word_1_42' title='bbox 252 838 304 891; x_wconf 90' lang='lat' dir='ltr'><strong>‘ut</strong></span> <span class='ocrx_word' id='word_1_43' title='bbox 339 833 478 906; x_wconf 86' lang='lat' dir='ltr'><strong>templum</strong></span> <span class='ocrx_word' id='word_1_44' title='bbox 502 832 540 888; x_wconf 89' lang='lat' dir='ltr'><strong>D.</strong></span> <span class='ocrx_word' id='word_1_45' title='bbox 564 830 678 888; x_wconf 85' lang='lat' dir='ltr'><strong>Neroni</strong></span> <span class='ocrx_word' id='word_1_46' title='bbox 705 846 790 905; x_wconf 87' lang='lat' dir='ltr'><strong>quam</strong></span> <span class='ocrx_word' id='word_1_47' title='bbox 812 831 977 890; x_wconf 84' lang='lat' dir='ltr'><strong>maturrime</strong></span> 
     </span>
     <span class='ocr_line' id='line_1_8' title="bbox 111 927 976 1007; baseline -0.006 -15"><span class='ocrx_word' id='word_1_48' title='bbox 111 933 246 1007; x_wconf 85' lang='lat' dir='ltr'><strong>‘publiea</strong></span> <span class='ocrx_word' id='word_1_49' title='bbox 260 929 384 1005; x_wconf 86' lang='lat' dir='ltr'><strong>peouuia</strong></span> <span class='ocrx_word' id='word_1_50' title='bbox 409 927 581 1004; x_wconf 89' lang='lat' dir='ltr'><strong>poneretur.’</strong></span> <span class='ocrx_word' id='word_1_51' title='bbox 633 929 718 1002; x_wconf 79' lang='lat' dir='ltr'><strong>Quod</strong></span> <span class='ocrx_word' id='word_1_52' title='bbox 732 929 848 1003; x_wconf 87' lang='lat' dir='ltr'><strong>quidem</strong></span> <span class='ocrx_word' id='word_1_53' title='bbox 862 929 914 986; x_wconf 89' lang='lat' dir='ltr'><strong>ille</strong></span> <span class='ocrx_word' id='word_1_54' title='bbox 928 931 976 988; x_wconf 87' lang='lat' dir='ltr'><strong>de·</strong></span> 
     </span>
     <span class='ocr_line' id='line_1_9' title="bbox 111 1027 977 1104; baseline -0.005 -14"><span class='ocrx_word' id='word_1_55' title='bbox 111 1033 260 1098; x_wconf 75' lang='lat' dir='ltr'><strong>cernebat,</strong></span> <span class='ocrx_word' id='word_1_56' title='bbox 274 1036 420 1104; x_wconf 89' lang='lat' dir='ltr'><strong>tamquam</strong></span> <span class='ocrx_word' id='word_1_57' title='bbox 434 1031 555 1087; x_wconf 87' lang='lat' dir='ltr'><strong>mortale</strong></span> <span class='ocrx_word' id='word_1_58' title='bbox 574 1027 720 1103; x_wconf 75' lang='lat' dir='ltr'><strong>fastigium</strong></span> <span class='ocrx_word' id='word_1_59' title='bbox 734 1045 851 1102; x_wconf 84' lang='lat' dir='ltr'><strong>egresso</strong></span> <span class='ocrx_word' id='word_1_60' title='bbox 863 1033 894 1086; x_wconf 88' lang='lat' dir='ltr'><strong>et</strong></span> <span class='ocrx_word' id='word_1_61' title='bbox 909 1047 977 1086; x_wconf 86' lang='lat' dir='ltr'><strong>ren·</strong></span> 
     </span>
     <span class='ocr_line' id='line_1_10' title="bbox 112 1127 977 1201; baseline -0.002 -15"><span class='ocrx_word' id='word_1_62' title='bbox 112 1128 274 1186; x_wconf 83' lang='lat' dir='ltr'><strong>arationem</strong></span> <span class='ocrx_word' id='word_1_63' title='bbox 312 1127 461 1186; x_wconf 88' lang='lat' dir='ltr'><strong>bominum</strong></span> <span class='ocrx_word' id='word_1_64' title='bbox 488 1127 601 1193; x_wconf 85' lang='lat' dir='ltr'><strong>merito,</strong></span> <span class='ocrx_word' id='word_1_65' title='bbox 636 1128 814 1201; x_wconf 87' lang='lat' dir='ltr'><strong>quorundam</strong></span> <span class='ocrx_word' id='word_1_66' title='bbox 846 1128 916 1185; x_wconf 87' lang='lat' dir='ltr'><strong>dolo</strong></span> <span class='ocrx_word' id='word_1_67' title='bbox 940 1129 977 1184; x_wconf 84' lang='lat' dir='ltr'><strong>ad</strong></span> 
     </span>
     <span class='ocr_line' id='line_1_11' title="bbox 111 1223 977 1286; baseline -0.001 -1"><span class='ocrx_word' id='word_1_68' title='bbox 111 1227 209 1286; x_wconf 87' lang='lat' dir='ltr'><strong>omina</strong></span> <span class='ocrx_word' id='word_1_69' title='bbox 223 1227 267 1284; x_wconf 89' lang='lat' dir='ltr'><strong>sni</strong></span> <span class='ocrx_word' id='word_1_70' title='bbox 282 1226 378 1284; x_wconf 82' lang='lat' dir='ltr'><strong>exitus</strong></span> <span class='ocrx_word' id='word_1_71' title='bbox 393 1229 566 1284; x_wconf 84' lang='lat' dir='ltr'><strong>vertebatur.</strong></span> <span class='ocrx_word' id='word_1_72' title='bbox 582 1243 650 1284; x_wconf 88' lang='lat' dir='ltr'><strong>nam</strong></span> <span class='ocrx_word' id='word_1_73' title='bbox 665 1223 762 1284; x_wconf 82' lang='lat' dir='ltr'><strong>Debm</strong></span> <span class='ocrx_word' id='word_1_74' title='bbox 788 1226 880 1284; x_wconf 87' lang='lat' dir='ltr'><strong>bonor</strong></span> <span class='ocrx_word' id='word_1_75' title='bbox 896 1226 977 1284; x_wconf 86' lang='lat' dir='ltr'><strong>Priu-</strong></span> 
     </span>
     <span class='ocr_line' id='line_1_12' title="bbox 112 1324 976 1400; baseline 0.001 -17"><span class='ocrx_word' id='word_1_76' title='bbox 112 1325 172 1399; x_wconf 89' lang='lat' dir='ltr'><strong>oipi</strong></span> <span class='ocrx_word' id='word_1_77' title='bbox 192 1342 252 1382; x_wconf 91' lang='lat' dir='ltr'><strong>non</strong></span> <span class='ocrx_word' id='word_1_78' title='bbox 271 1330 340 1383; x_wconf 88' lang='lat' dir='ltr'><strong>ante</strong></span> <span class='ocrx_word' id='word_1_79' title='bbox 373 1325 504 1394; x_wconf 88' lang='lat' dir='ltr'><strong>babetur,</strong></span> <span class='ocrx_word' id='word_1_80' title='bbox 533 1341 619 1400; x_wconf 90' lang='lat' dir='ltr'><strong>quam</strong></span> <span class='ocrx_word' id='word_1_81' title='bbox 639 1342 726 1400; x_wconf 76' lang='lat' dir='ltr'><strong>agere</strong></span> <span class='ocrx_word' id='word_1_82' title='bbox 746 1324 824 1383; x_wconf 88' lang='lat' dir='ltr'><strong>inter</strong></span> <span class='ocrx_word' id='word_1_83' title='bbox 844 1324 976 1384; x_wconf 86' lang='lat' dir='ltr'><strong>homiues</strong></span> 
     </span>
     <span class='ocr_line' id='line_1_13' title="bbox 112 1423 241 1482; baseline -0.016 0"><span class='ocrx_word' id='word_1_84' title='bbox 112 1423 241 1482; x_wconf 83' lang='lat' dir='ltr'><strong>desierit.</strong></span> 
     </span>
    </p>
   </div>
   <div class='ocr_carea' id='block_1_3' title="bbox 113 1596 978 1718">
    <p class='ocr_par' dir='ltr' id='par_1_3' title="bbox 113 1596 978 1718">
     <span class='ocr_line' id='line_1_14' title="bbox 143 1596 978 1659; baseline 0 -14"><span class='ocrx_word' id='word_1_85' title='bbox 143 1600 216 1646; x_wconf 78' lang='lat' dir='ltr'><strong>Amo</strong></span> <span class='ocrx_word' id='word_1_86' title='bbox 224 1598 286 1646; x_wconf 78' lang='lat' dir='ltr'><strong>Juttt</strong></span> <span class='ocrx_word' id='word_1_87' title='bbox 303 1597 413 1659; x_wconf 75' lang='lat' dir='ltr'><strong>Vindicis]</strong></span> <span class='ocrx_word' id='word_1_88' title='bbox 444 1597 489 1648; x_wconf 76' lang='lat' dir='ltr'><strong>Qui</strong></span> <span class='ocrx_word' id='word_1_89' title='bbox 508 1596 630 1643; x_wconf 84' lang='lat' dir='ltr'><strong>rebellione</strong></span> <span class='ocrx_word' id='word_1_90' title='bbox 647 1611 685 1644; x_wconf 85' lang='lat' dir='ltr'><strong>sna</strong></span> <span class='ocrx_word' id='word_1_91' title='bbox 704 1596 818 1644; x_wconf 85' lang='lat' dir='ltr'><strong>Neronem</strong></span> <span class='ocrx_word' id='word_1_92' title='bbox 837 1598 866 1644; x_wconf 87' lang='lat' dir='ltr'><strong>ad</strong></span> <span class='ocrx_word' id='word_1_93' title='bbox 883 1602 978 1646; x_wconf 86' lang='lat' dir='ltr'><strong>mortem</strong></span> 
     </span>
     <span class='ocr_line' id='line_1_15' title="bbox 113 1655 913 1718; baseline -0.001 -14"><span class='ocrx_word' id='word_1_94' title='bbox 113 1658 229 1718; x_wconf 82' lang='lat' dir='ltr'><strong>compulit.</strong></span> <span class='ocrx_word' id='word_1_95' title='bbox 261 1656 320 1704; x_wconf 89' lang='lat' dir='ltr'><strong>Vide</strong></span> <span class='ocrx_word' id='word_1_96' title='bbox 329 1658 505 1716; x_wconf 84' lang='lat' dir='ltr'><strong>supplementum</strong></span> <span class='ocrx_word' id='word_1_97' title='bbox 516 1656 598 1702; x_wconf 81' lang='lat' dir='ltr'><strong>Annal.</strong></span> <span class='ocrx_word' id='word_1_98' title='bbox 609 1655 748 1703; x_wconf 71' lang='lat' dir='ltr'><strong>xvueues</strong></span> <span class='ocrx_word' id='word_1_99' title='bbox 757 1669 817 1717; x_wconf 77' lang='lat' dir='ltr'><strong>seqq.</strong></span> <span class='ocrx_word' id='word_1_100' title='bbox 849 1656 913 1703; x_wconf 80' lang='lat' dir='ltr'><strong>Brut.</strong></span> 
     </span>
    </p>
   </div>
   <div class='ocr_carea' id='block_1_4' title="bbox 144 1733 1039 1804">
    <p class='ocr_par' dir='ltr' id='par_1_4' title="bbox 144 1733 1039 1804">
     <span class='ocr_line' id='line_1_16' title="bbox 144 1733 1039 1804; baseline 0.001 -22"><span class='ocrx_word' id='word_1_101' title='bbox 144 1736 205 1782; x_wconf 85' lang='lat' dir='ltr'><strong>Nom</strong></span> <span class='ocrx_word' id='word_1_102' title='bbox 219 1735 297 1783; x_wconf 80' lang='lat' dir='ltr'><strong>Deum</strong></span> <span class='ocrx_word' id='word_1_103' title='bbox 313 1735 381 1781; x_wconf 72' lang='lat' dir='ltr'><strong>lom</strong></span> <span class='ocrx_word' id='word_1_104' title='bbox 398 1734 506 1792; x_wconf 80' lang='lat' dir='ltr'><strong>Pn&#39;sror‘pi</strong></span> <span class='ocrx_word' id='word_1_105' title='bbox 523 1747 569 1780; x_wconf 79' lang='lat' dir='ltr'><strong>mn</strong></span> <span class='ocrx_word' id='word_1_106' title='bbox 585 1738 636 1782; x_wconf 76' lang='lat' dir='ltr'><strong>orate</strong></span> <span class='ocrx_word' id='word_1_107' title='bbox 653 1733 753 1790; x_wconf 75' lang='lat' dir='ltr'><strong>liabetur,</strong></span> <span class='ocrx_word' id='word_1_108' title='bbox 770 1735 977 1804; x_wconf 73' lang='lat' dir='ltr'><strong>puomagereinter</strong></span> <span class='ocrx_word' id='word_1_109' title='bbox 1038 1757 1039 1782; x_wconf 67' lang='lat' dir='ltr'><strong>r</strong></span> 
     </span>
    </p>
   </div>
   <div class='ocr_carea' id='block_1_5' title="bbox 113 1792 977 1905">
    <p class='ocr_par' dir='ltr' id='par_1_5' title="bbox 113 1792 977 1905">
     <span class='ocr_line' id='line_1_17' title="bbox 113 1792 977 1854; baseline 0.002 -14"><span class='ocrx_word' id='word_1_110' title='bbox 113 1795 210 1840; x_wconf 77' lang='lat' dir='ltr'><strong>homines</strong></span> <span class='ocrx_word' id='word_1_111' title='bbox 225 1794 323 1854; x_wconf 79' lang='lat' dir='ltr'><strong>desierit]</strong></span> <span class='ocrx_word' id='word_1_112' title='bbox 355 1793 452 1839; x_wconf 86' lang='lat' dir='ltr'><strong>Tertull.</strong></span> <span class='ocrx_word' id='word_1_113' title='bbox 472 1792 565 1854; x_wconf 80' lang='lat' dir='ltr'><strong>pulchre</strong></span> <span class='ocrx_word' id='word_1_114' title='bbox 579 1797 603 1838; x_wconf 87' lang='lat' dir='ltr'><strong>et</strong></span> <span class='ocrx_word' id='word_1_115' title='bbox 621 1792 724 1854; x_wconf 89' lang='lat' dir='ltr'><strong>apposite</strong></span> <span class='ocrx_word' id='word_1_116' title='bbox 743 1792 794 1840; x_wconf 83' lang='lat' dir='ltr'><strong>burs</strong></span> <span class='ocrx_word' id='word_1_117' title='bbox 813 1793 845 1840; x_wconf 86' lang='lat' dir='ltr'><strong>rei</strong></span> <span class='ocrx_word' id='word_1_118' title='bbox 857 1795 924 1854; x_wconf 78' lang='lat' dir='ltr'><strong>Apol.</strong></span> <span class='ocrx_word' id='word_1_119' title='bbox 941 1797 977 1842; x_wconf 75' lang='lat'><strong>3⁴.</strong></span> 
     </span>
     <span class='ocr_line' id='line_1_18' title="bbox 114 1851 977 1905; baseline 0.001 -8"><span class='ocrx_word' id='word_1_120' title='bbox 114 1853 140 1898; x_wconf 83' lang='lat' dir='ltr'><strong>Si</strong></span> <span class='ocrx_word' id='word_1_121' title='bbox 157 1865 203 1898; x_wconf 80' lang='lat' dir='ltr'><strong>non</strong></span> <span class='ocrx_word' id='word_1_122' title='bbox 221 1853 248 1898; x_wconf 80' lang='lat' dir='ltr'><strong>da</strong></span> <span class='ocrx_word' id='word_1_123' title='bbox 267 1851 380 1897; x_wconf 78' lang='lat' dir='ltr'><strong>mendacio</strong></span> <span class='ocrx_word' id='word_1_124' title='bbox 398 1851 505 1898; x_wconf 69' lang='lat' dir='ltr'><strong>oubeacst</strong></span> <span class='ocrx_word' id='word_1_125' title='bbox 522 1851 631 1898; x_wconf 61' lang='lat' dir='ltr'><strong>&amp;numdi</strong></span> <span class='ocrx_word' id='word_1_126' title='bbox 648 1851 753 1905; x_wconf 66' lang='lat' dir='ltr'><strong>adulutin</strong></span> <span class='ocrx_word' id='word_1_127' title='bbox 771 1851 882 1900; x_wconf 74' lang='lat' dir='ltr'><strong>hominm</strong></span> <span class='ocrx_word' id='word_1_128' title='bbox 901 1852 977 1898; x_wconf 78' lang='lat' dir='ltr'><strong>Densa</strong></span> 
     </span>
    </p>
   </div>
   <div class='ocr_carea' id='block_1_6' title="bbox 113 1909 1026 1969">
    <p class='ocr_par' dir='ltr' id='par_1_6' title="bbox 113 1909 1026 1969">
     <span class='ocr_line' id='line_1_19' title="bbox 113 1909 1026 1969; baseline 0.007 -15"><span class='ocrx_word' id='word_1_129' title='bbox 113 1911 256 1968; x_wconf 76' lang='lat' dir='ltr'><strong>appellando:</strong></span> <span class='ocrx_word' id='word_1_130' title='bbox 276 1910 349 1956; x_wconf 82' lang='lat' dir='ltr'><strong>limant</strong></span> <span class='ocrx_word' id='word_1_131' title='bbox 368 1911 443 1956; x_wconf 81' lang='lat' dir='ltr'><strong>sultam</strong></span> <span class='ocrx_word' id='word_1_132' title='bbox 462 1911 490 1956; x_wconf 81' lang='lat' dir='ltr'><strong>de</strong></span> <span class='ocrx_word' id='word_1_133' title='bbox 507 1909 614 1969; x_wconf 65' lang='lat' dir='ltr'><strong>infausto.</strong></span> <span class='ocrx_word' id='word_1_134' title='bbox 644 1909 791 1957; x_wconf 75' lang='lat' dir='ltr'><strong>Maledictum</strong></span> <span class='ocrx_word' id='word_1_135' title='bbox 805 1915 843 1968; x_wconf 81' lang='lat' dir='ltr'><strong>est,</strong></span> <span class='ocrx_word' id='word_1_136' title='bbox 863 1917 914 1958; x_wconf 75' lang='lat' dir='ltr'><strong>asne</strong></span> <span class='ocrx_word' id='word_1_137' title='bbox 929 1925 978 1967; x_wconf 78' lang='lat' dir='ltr'><strong>opo·</strong></span> <span class='ocrx_word' id='word_1_138' title='bbox 1015 1959 1026 1966; x_wconf 57' lang='lat'><strong>„</strong></span> 
     </span>
    </p>
   </div>
   <div class='ocr_carea' id='block_1_7' title="bbox 113 1967 978 2088">
    <p class='ocr_par' dir='ltr' id='par_1_7' title="bbox 113 1967 978 2088">
     <span class='ocr_line' id='line_1_20' title="bbox 113 1967 977 2028; baseline 0.001 -13"><span class='ocrx_word' id='word_1_139' title='bbox 113 1967 204 2023; x_wconf 67' lang='lat' dir='ltr'><strong>thennim</strong></span> <span class='ocrx_word' id='word_1_140' title='bbox 219 1967 296 2014; x_wconf 82' lang='lat' dir='ltr'><strong>Deum</strong></span> <span class='ocrx_word' id='word_1_141' title='bbox 312 1967 429 2015; x_wconf 76' lang='lat' dir='ltr'><strong>Gnmrem</strong></span> <span class='ocrx_word' id='word_1_142' title='bbox 444 1983 583 2026; x_wconf 79' lang='lat' dir='ltr'><strong>nuncupare.</strong></span> <span class='ocrx_word' id='word_1_143' title='bbox 604 1967 666 2026; x_wconf 66' lang='lat' dir='ltr'><strong>laps.</strong></span> <span class='ocrx_word' id='word_1_144' title='bbox 696 1968 787 2016; x_wconf 79' lang='lat' dir='ltr'><strong>Falsum</strong></span> <span class='ocrx_word' id='word_1_145' title='bbox 802 1969 825 2016; x_wconf 84' lang='lat' dir='ltr'><strong>io</strong></span> <span class='ocrx_word' id='word_1_146' title='bbox 835 1969 859 2016; x_wconf 87' lang='lat' dir='ltr'><strong>in</strong></span> <span class='ocrx_word' id='word_1_147' title='bbox 869 1972 977 2028; x_wconf 80' lang='lat' dir='ltr'><strong>Angusto,</strong></span> 
     </span>
     <span class='ocr_line' id='line_1_21' title="bbox 114 2025 978 2088; baseline 0 -14"><span class='ocrx_word' id='word_1_148' title='bbox 114 2029 185 2088; x_wconf 85' lang='lat' dir='ltr'><strong>liquet</strong></span> <span class='ocrx_word' id='word_1_149' title='bbox 203 2041 230 2072; x_wconf 83' lang='lat' dir='ltr'><strong>er</strong></span> <span class='ocrx_word' id='word_1_150' title='bbox 249 2025 346 2073; x_wconf 87' lang='lat' dir='ltr'><strong>Horatio</strong></span> <span class='ocrx_word' id='word_1_151' title='bbox 364 2032 388 2072; x_wconf 88' lang='lat' dir='ltr'><strong>et</strong></span> <span class='ocrx_word' id='word_1_152' title='bbox 407 2027 513 2084; x_wconf 85' lang='lat' dir='ltr'><strong>Manilio,</strong></span> <span class='ocrx_word' id='word_1_153' title='bbox 538 2026 610 2088; x_wconf 87' lang='lat' dir='ltr'><strong>inquit</strong></span> <span class='ocrx_word' id='word_1_154' title='bbox 629 2026 733 2075; x_wconf 84' lang='lat' dir='ltr'><strong>Huetius.</strong></span> <span class='ocrx_word' id='word_1_155' title='bbox 779 2031 813 2075; x_wconf 77' lang='lat' dir='ltr'><strong>At</strong></span> <span class='ocrx_word' id='word_1_156' title='bbox 830 2028 867 2074; x_wconf 82' lang='lat' dir='ltr'><strong>vir</strong></span> <span class='ocrx_word' id='word_1_157' title='bbox 888 2029 978 2075; x_wconf 78' lang='lat' dir='ltr'><strong>doctiss.</strong></span> 
     </span>
    </p>
   </div>
   <div class='ocr_carea' id='block_1_8' title="bbox 114 2085 1038 2146">
    <p class='ocr_par' dir='ltr' id='par_1_8' title="bbox 114 2085 1038 2146">
     <span class='ocr_line' id='line_1_22' title="bbox 114 2085 1038 2146; baseline 0.001 -13"><span class='ocrx_word' id='word_1_158' title='bbox 114 2100 159 2133; x_wconf 89' lang='lat' dir='ltr'><strong>non</strong></span> <span class='ocrx_word' id='word_1_159' title='bbox 177 2085 281 2132; x_wconf 80' lang='lat' dir='ltr'><strong>attendit.</strong></span> <span class='ocrx_word' id='word_1_160' title='bbox 312 2087 436 2143; x_wconf 78' lang='lat' dir='ltr'><strong>Augustum</strong></span> <span class='ocrx_word' id='word_1_161' title='bbox 454 2086 542 2146; x_wconf 79' lang='lat' dir='ltr'><strong>quidem</strong></span> <span class='ocrx_word' id='word_1_162' title='bbox 560 2086 633 2146; x_wconf 73' lang='lat' dir='ltr'><strong>poetis</strong></span> <span class='ocrx_word' id='word_1_163' title='bbox 652 2085 736 2133; x_wconf 87' lang='lat' dir='ltr'><strong>dietum</strong></span> <span class='ocrx_word' id='word_1_164' title='bbox 755 2101 804 2133; x_wconf 82' lang='lat' dir='ltr'><strong>esse</strong></span> <span class='ocrx_word' id='word_1_165' title='bbox 823 2087 905 2146; x_wconf 85' lang='lat' dir='ltr'><strong>Deum,</strong></span> <span class='ocrx_word' id='word_1_166' title='bbox 914 2092 938 2134; x_wconf 93' lang='lat' dir='ltr'><strong>et</strong></span> <span class='ocrx_word' id='word_1_167' title='bbox 954 2087 979 2134; x_wconf 89' lang='lat' dir='ltr'><strong>ia</strong></span> <span class='ocrx_word' id='word_1_168' title='bbox 1037 2117 1038 2128; x_wconf 65' lang='lat'><strong>.</strong></span> 
     </span>
    </p>
   </div>
   <div class='ocr_carea' id='block_1_9' title="bbox 113 2143 979 2323">
    <p class='ocr_par' dir='ltr' id='par_1_9' title="bbox 113 2143 979 2323">
     <span class='ocr_line' id='line_1_23' title="bbox 113 2143 979 2214; baseline 0.002 -24"><span class='ocrx_word' id='word_1_169' title='bbox 113 2143 301 2214; x_wconf 39' lang='lat' dir='ltr'><strong>proviuqiis&#39;aras</strong></span> <span class='ocrx_word' id='word_1_170' title='bbox 317 2151 342 2188; x_wconf 87' lang='lat' dir='ltr'><strong>et</strong></span> <span class='ocrx_word' id='word_1_171' title='bbox 360 2158 421 2190; x_wconf 81' lang='lat' dir='ltr'><strong>sacra</strong></span> <span class='ocrx_word' id='word_1_172' title='bbox 440 2144 557 2213; x_wconf 71' lang='lat' dir='ltr'><strong>babuisse3</strong></span> <span class='ocrx_word' id='word_1_173' title='bbox 580 2158 657 2190; x_wconf 86' lang='lat' dir='ltr'><strong>verum</strong></span> <span class='ocrx_word' id='word_1_174' title='bbox 674 2158 718 2192; x_wconf 88' lang='lat' dir='ltr'><strong>non</strong></span> <span class='ocrx_word' id='word_1_175' title='bbox 732 2145 755 2191; x_wconf 91' lang='lat' dir='ltr'><strong>in</strong></span> <span class='ocrx_word' id='word_1_176' title='bbox 770 2145 833 2194; x_wconf 84' lang='lat' dir='ltr'><strong>urbe.</strong></span> <span class='ocrx_word' id='word_1_177' title='bbox 864 2147 979 2194; x_wconf 84' lang='lat' dir='ltr'><strong>Neronem</strong></span> 
     </span>
     <span class='ocr_line' id='line_1_24' title="bbox 114 2201 977 2274; baseline 0 -24"><span class='ocrx_word' id='word_1_178' title='bbox 114 2217 138 2250; x_wconf 85' lang='lat' dir='ltr'><strong>an</strong></span> <span class='ocrx_word' id='word_1_179' title='bbox 147 2216 265 2274; x_wconf 67' lang='lat' dir='ltr'><strong>pmrrnerrs</strong></span> <span class='ocrx_word' id='word_1_180' title='bbox 274 2201 488 2274; x_wconf 63' lang='lat' dir='ltr'><strong>adpellatnmtursse</strong></span> <span class='ocrx_word' id='word_1_181' title='bbox 497 2203 578 2259; x_wconf 84' lang='lat' dir='ltr'><strong>Deum,</strong></span> <span class='ocrx_word' id='word_1_182' title='bbox 589 2207 685 2250; x_wconf 86' lang='lat' dir='ltr'><strong>testatur</strong></span> <span class='ocrx_word' id='word_1_183' title='bbox 694 2217 771 2250; x_wconf 85' lang='lat' dir='ltr'><strong>numus</strong></span> <span class='ocrx_word' id='word_1_184' title='bbox 780 2219 807 2250; x_wconf 88' lang='lat' dir='ltr'><strong>ex</strong></span> <span class='ocrx_word' id='word_1_185' title='bbox 817 2219 869 2250; x_wconf 83' lang='lat' dir='ltr'><strong>aare</strong></span> <span class='ocrx_word' id='word_1_186' title='bbox 879 2206 977 2260; x_wconf 87' lang='lat' dir='ltr'><strong>minimo,</strong></span> 
     </span>
     <span class='ocr_line' id='line_1_25' title="bbox 114 2261 978 2323; baseline 0.003 -14"><span class='ocrx_word' id='word_1_187' title='bbox 114 2262 145 2309; x_wconf 91' lang='lat' dir='ltr'><strong>ab</strong></span> <span class='ocrx_word' id='word_1_188' title='bbox 160 2261 277 2308; x_wconf 86' lang='lat' dir='ltr'><strong>Harduruo</strong></span> <span class='ocrx_word' id='word_1_189' title='bbox 292 2262 395 2308; x_wconf 86' lang='lat' dir='ltr'><strong>laudatus</strong></span> <span class='ocrx_word' id='word_1_190' title='bbox 411 2275 435 2307; x_wconf 87' lang='lat' dir='ltr'><strong>ur</strong></span> <span class='ocrx_word' id='word_1_191' title='bbox 452 2263 496 2308; x_wconf 73' lang='lat' dir='ltr'><strong>Sel.</strong></span> <span class='ocrx_word' id='word_1_192' title='bbox 516 2263 576 2323; x_wconf 88' lang='lat' dir='ltr'><strong>Opp.</strong></span> <span class='ocrx_word' id='word_1_193' title='bbox 587 2275 610 2322; x_wconf 88' lang='lat' dir='ltr'><strong>p.</strong></span> <span class='ocrx_word' id='word_1_194' title='bbox 620 2265 671 2309; x_wconf 75' lang='lat'><strong>72⁴.</strong></span> <span class='ocrx_word' id='word_1_195' title='bbox 702 2269 803 2315; x_wconf 79' lang='grc' dir='ltr'>ΝΕΡΩΝ</span> <span class='ocrx_word' id='word_1_196' title='bbox 819 2269 978 2316; x_wconf 62' lang='lat' dir='ltr'><strong>mmo!</strong></span> 
     </span>
    </p>
   </div>
   <div class='ocr_carea' id='block_1_10' title="bbox 114 2327 978 2391">
    <p class='ocr_par' dir='ltr' id='par_1_10' title="bbox 114 2327 978 2391">
     <span class='ocr_line' id='line_1_26' title="bbox 114 2327 978 2391; baseline -0.015 -10"><span class='ocrx_word' id='word_1_197' title='bbox 114 2330 289 2391; x_wconf 54' lang='lat' dir='ltr'><strong>ebronauto</strong></span> <span class='ocrx_word' id='word_1_198' title='bbox 307 2330 416 2376; x_wconf 84' lang='lat' dir='ltr'><strong>laureato.</strong></span> <span class='ocrx_word' id='word_1_199' title='bbox 451 2327 487 2374; x_wconf 74' lang='lat' dir='ltr'><strong>Ex</strong></span> <span class='ocrx_word' id='word_1_200' title='bbox 504 2341 582 2375; x_wconf 86' lang='lat' dir='ltr'><strong>aversa</strong></span> <span class='ocrx_word' id='word_1_201' title='bbox 600 2333 666 2388; x_wconf 84' lang='lat' dir='ltr'><strong>parte</strong></span> <span class='ocrx_word' id='word_1_202' title='bbox 684 2336 810 2386; x_wconf 73' lang='lat' dir='ltr'><strong>lo‘rrlloc</strong></span> <span class='ocrx_word' id='word_1_203' title='bbox 828 2339 978 2385; x_wconf 67' lang='lat' dir='ltr'><strong>uramur.</strong></span> 
     </span>
    </p>
   </div>
   <div class='ocr_carea' id='block_1_11' title="bbox 116 2393 760 2452">
    <p class='ocr_par' dir='ltr' id='par_1_11' title="bbox 116 2393 760 2452">
     <span class='ocr_line' id='line_1_27' title="bbox 116 2393 760 2452; baseline -0.009 -4"><span class='ocrx_word' id='word_1_204' title='bbox 116 2402 179 2452; x_wconf 80' lang='lat' dir='ltr'><strong>uon</strong></span> <span class='ocrx_word' id='word_1_205' title='bbox 196 2399 364 2452; x_wconf 74' lang='grc' dir='ltr'><strong>ΕΥΕΡΓΕΤΗΣ</strong></span> <span class='ocrx_word' id='word_1_206' title='bbox 377 2400 558 2450; x_wconf 75' lang='grc' dir='ltr'>ΛΑΟΔΙΚΕΩΝ.</span> <span class='ocrx_word' id='word_1_207' title='bbox 588 2393 625 2442; x_wconf 72' lang='lat' dir='ltr'><strong>Sia</strong></span> <span class='ocrx_word' id='word_1_208' title='bbox 639 2393 760 2443; x_wconf 83' lang='lat' dir='ltr'><strong>Broteu&#39;us.</strong></span> 
     </span>
    </p>
   </div>
   <div class='ocr_carea' id='block_1_12' title="bbox 732 2457 929 2612">
    <p class='ocr_par' dir='ltr' id='par_1_12' title="bbox 732 2457 929 2612">
     <span class='ocr_line' id='line_1_28' title="bbox 905 2457 929 2489; baseline 0 0"><span class='ocrx_word' id='word_1_209' title='bbox 905 2457 929 2489; x_wconf 58' lang='lat' dir='ltr'><em>d</em></span> 
     </span>
     <span class='ocr_line' id='line_1_29' title="bbox 732 2491 917 2612; baseline 0.011 -2"><span class='ocrx_word' id='word_1_210' title='bbox 732 2491 917 2612; x_wconf 49' lang='lat' dir='ltr'><strong>&#39;bobrffl</strong></span> 
     </span>
    </p>
   </div>
   <div class='ocr_carea' id='block_1_13' title="bbox 0 0 1061 3816">
    <p class='ocr_par' dir='ltr' id='par_1_13' title="bbox 0 0 1061 3816">
     <span class='ocr_line' id='line_1_30' title="bbox 0 0 1061 3816; baseline 0 0"><span class='ocrx_word' id='word_1_211' title='bbox 0 0 1061 3816; x_wconf 95' lang='lat' dir='ltr'><strong> </strong></span> 
     </span>
    </p>
   </div>
  </div>
 </body>
</html>
