<?xml version="1.0" encoding="UTF-8"?>
<!DOCTYPE html PUBLIC "-//W3C//DTD XHTML 1.0 Transitional//EN"
    "http://www.w3.org/TR/xhtml1/DTD/xhtml1-transitional.dtd">
<html xmlns="http://www.w3.org/1999/xhtml" xml:lang="en" lang="en">
 <head>
  <title>
</title>
<meta http-equiv="Content-Type" content="text/html;charset=utf-8" />
  <meta name='ocr-system' content='tesseract 3.04.00' />
  <meta name='ocr-capabilities' content='ocr_page ocr_carea ocr_par ocr_line ocrx_word'/>
</head>
<body>
  <div class='ocr_page' id='page_1' title='image "./operaexrecensio02tacigoog_0433.png"; bbox 0 0 2114 3830; ppageno 0'>
   <div class='ocr_carea' id='block_1_1' title="bbox 89 145 1033 246">
    <p class='ocr_par' dir='ltr' id='par_1_1' title="bbox 89 145 1033 246">
     <span class='ocr_line' id='line_1_1' title="bbox 89 145 1033 246; baseline -0.003 -28"><span class='ocrx_word' id='word_1_1' title='bbox 89 145 162 218; x_wconf 75' lang='lat' dir='ltr'><strong>tua</strong></span> <span class='ocrx_word' id='word_1_2' title='bbox 389 159 641 214; x_wconf 82' lang='lat' dir='ltr'><strong>nrsronrnnrnr</strong></span> <span class='ocrx_word' id='word_1_3' title='bbox 811 170 841 216; x_wconf 74' lang='lat' dir='ltr'><strong>a</strong></span> <span class='ocrx_word' id='word_1_4' title='bbox 855 164 883 214; x_wconf 84' lang='lat' dir='ltr'><strong>r.</strong></span> <span class='ocrx_word' id='word_1_5' title='bbox 899 163 949 216; x_wconf 79' lang='lat' dir='ltr'><strong>tna</strong></span> <span class='ocrx_word' id='word_1_6' title='bbox 1032 179 1033 246; x_wconf 61' lang='grc' dir='ltr'>ι</span> 
     </span>
    </p>
   </div>
   <div class='ocr_carea' id='block_1_2' title="bbox 39 304 1037 2370">
    <p class='ocr_par' dir='ltr' id='par_1_2' title="bbox 42 304 1036 2172">
     <span class='ocr_line' id='line_1_2' title="bbox 42 304 1034 394; baseline -0.002 -14"><span class='ocrx_word' id='word_1_7' title='bbox 42 304 45 312; x_wconf 61' lang='grc'>’</span> <span class='ocrx_word' id='word_1_8' title='bbox 89 325 152 380; x_wconf 83' lang='lat' dir='ltr'><strong>stra</strong></span> <span class='ocrx_word' id='word_1_9' title='bbox 174 319 304 390; x_wconf 81' lang='lat' dir='ltr'><strong>nabibus,</strong></span> <span class='ocrx_word' id='word_1_10' title='bbox 318 323 349 378; x_wconf 87' lang='lat' dir='ltr'><strong>at</strong></span> <span class='ocrx_word' id='word_1_11' title='bbox 362 334 455 394; x_wconf 88' lang='lat' dir='ltr'><strong>prono</strong></span> <span class='ocrx_word' id='word_1_12' title='bbox 475 335 561 378; x_wconf 81' lang='lat' dir='ltr'><strong>amne</strong></span> <span class='ocrx_word' id='word_1_13' title='bbox 575 319 660 393; x_wconf 85' lang='lat' dir='ltr'><strong>rapti,</strong></span> <span class='ocrx_word' id='word_1_14' title='bbox 674 319 756 378; x_wconf 89' lang='lat' dir='ltr'><strong>nullo</strong></span> <span class='ocrx_word' id='word_1_15' title='bbox 769 319 951 394; x_wconf 74' lang='lat' dir='ltr'>prohibente,</span> <span class='ocrx_word' id='word_1_16' title='bbox 1033 337 1034 394; x_wconf 70' lang='lat' dir='ltr'>j</span> 
     </span>
     <span class='ocr_line' id='line_1_3' title="bbox 91 419 955 480; baseline -0.002 -2"><span class='ocrx_word' id='word_1_17' title='bbox 91 423 200 480; x_wconf 83' lang='lat' dir='ltr'><strong>vallam</strong></span> <span class='ocrx_word' id='word_1_18' title='bbox 231 419 343 478; x_wconf 87' lang='lat' dir='ltr'><strong>ineunt.</strong></span> <span class='ocrx_word' id='word_1_19' title='bbox 385 419 480 477; x_wconf 79' lang='lat' dir='ltr'><strong>Prima</strong></span> <span class='ocrx_word' id='word_1_20' title='bbox 503 421 609 477; x_wconf 86' lang='lat' dir='ltr'><strong>caedes</strong></span> <span class='ocrx_word' id='word_1_21' title='bbox 631 424 694 476; x_wconf 90' lang='lat' dir='ltr'><strong>astu</strong></span> <span class='ocrx_word' id='word_1_22' title='bbox 724 419 834 476; x_wconf 84' lang='lat' dir='ltr'><strong>adiuta.</strong></span> <span class='ocrx_word' id='word_1_23' title='bbox 855 420 955 477; x_wconf 87' lang='lat' dir='ltr'><strong>incisis</strong></span> 
     </span>
     <span class='ocr_line' id='line_1_4' title="bbox 91 517 954 592; baseline -0.005 -12"><span class='ocrx_word' id='word_1_24' title='bbox 91 521 340 580; x_wconf 69' lang='lat' dir='ltr'><strong>tabernaculorum</strong></span> <span class='ocrx_word' id='word_1_25' title='bbox 364 519 489 585; x_wconf 83' lang='lat' dir='ltr'><strong>lucibus,</strong></span> <span class='ocrx_word' id='word_1_26' title='bbox 511 520 628 576; x_wconf 88' lang='lat' dir='ltr'><strong>suismet</strong></span> <span class='ocrx_word' id='word_1_27' title='bbox 655 517 788 575; x_wconf 86' lang='lat' dir='ltr'><strong>tentoriis</strong></span> <span class='ocrx_word' id='word_1_28' title='bbox 802 525 954 592; x_wconf 83' lang='lat' dir='ltr'><strong>coopertos</strong></span> 
     </span>
     <span class='ocr_line' id='line_1_5' title="bbox 92 618 956 693; baseline -0.005 -15"><span class='ocrx_word' id='word_1_29' title='bbox 92 619 283 678; x_wconf 81' lang='lat' dir='ltr'><strong>trucidabant.</strong></span> <span class='ocrx_word' id='word_1_30' title='bbox 338 619 427 678; x_wconf 81' lang='lat' dir='ltr'><strong>Aliud</strong></span> <span class='ocrx_word' id='word_1_31' title='bbox 456 635 559 691; x_wconf 77' lang='lat' dir='ltr'><strong>agmen</strong></span> <span class='ocrx_word' id='word_1_32' title='bbox 586 619 699 676; x_wconf 83' lang='lat' dir='ltr'><strong>turnare</strong></span> <span class='ocrx_word' id='word_1_33' title='bbox 722 619 869 674; x_wconf 75' lang='lat' dir='ltr'><strong>classem:</strong></span> <span class='ocrx_word' id='word_1_34' title='bbox 891 618 956 693; x_wconf 84' lang='lat' dir='ltr'><strong>inji-</strong></span> 
     </span>
     <span class='ocr_line' id='line_1_6' title="bbox 91 717 1034 808; baseline -0.002 -32"><span class='ocrx_word' id='word_1_35' title='bbox 91 735 159 776; x_wconf 85' lang='lat' dir='ltr'><strong>cere</strong></span> <span class='ocrx_word' id='word_1_36' title='bbox 183 717 300 776; x_wconf 81' lang='lat' dir='ltr'><strong>vincla:</strong></span> <span class='ocrx_word' id='word_1_37' title='bbox 321 719 434 776; x_wconf 87' lang='lat' dir='ltr'><strong>trahere</strong></span> <span class='ocrx_word' id='word_1_38' title='bbox 449 735 568 791; x_wconf 85' lang='lat' dir='ltr'><strong>puppes.</strong></span> <span class='ocrx_word' id='word_1_39' title='bbox 607 717 708 791; x_wconf 86' lang='lat' dir='ltr'><strong>thue</strong></span> <span class='ocrx_word' id='word_1_40' title='bbox 735 717 774 773; x_wconf 91' lang='lat' dir='ltr'><strong>ad</strong></span> <span class='ocrx_word' id='word_1_41' title='bbox 794 717 954 774; x_wconf 79' lang='lat' dir='ltr'><strong>fallendum</strong></span> <span class='ocrx_word' id='word_1_42' title='bbox 1033 783 1034 808; x_wconf 22' lang='lat'>¹</span> 
     </span>
     <span class='ocr_line' id='line_1_7' title="bbox 92 815 956 890; baseline -0.001 -16"><span class='ocrx_word' id='word_1_43' title='bbox 92 815 219 884; x_wconf 83' lang='lat' dir='ltr'><strong>silentio,</strong></span> <span class='ocrx_word' id='word_1_44' title='bbox 239 815 289 884; x_wconf 83' lang='lat' dir='ltr'><strong>ita.</strong></span> <span class='ocrx_word' id='word_1_45' title='bbox 321 823 427 890; x_wconf 87' lang='lat' dir='ltr'><strong>coepta</strong></span> <span class='ocrx_word' id='word_1_46' title='bbox 447 817 549 883; x_wconf 84' lang='lat' dir='ltr'><strong>caede,</strong></span> <span class='ocrx_word' id='word_1_47' title='bbox 581 833 637 890; x_wconf 90' lang='lat' dir='ltr'><strong>quo</strong></span> <span class='ocrx_word' id='word_1_48' title='bbox 666 818 730 889; x_wconf 91' lang='lat' dir='ltr'><strong>plus</strong></span> <span class='ocrx_word' id='word_1_49' title='bbox 764 817 881 872; x_wconf 85' lang='lat' dir='ltr'><strong>terroris</strong></span> <span class='ocrx_word' id='word_1_50' title='bbox 910 818 956 874; x_wconf 89' lang='lat' dir='ltr'><strong>ad·</strong></span> 
     </span>
     <span class='ocr_line' id='line_1_8' title="bbox 93 915 956 984; baseline 0 -10"><span class='ocrx_word' id='word_1_51' title='bbox 93 915 205 984; x_wconf 82' lang='lat' dir='ltr'><strong>alerent,</strong></span> <span class='ocrx_word' id='word_1_52' title='bbox 240 921 347 974; x_wconf 86' lang='lat' dir='ltr'><strong>cuncta</strong></span> <span class='ocrx_word' id='word_1_53' title='bbox 373 917 547 976; x_wconf 84' lang='lat' dir='ltr'><strong>clamoribus</strong></span> <span class='ocrx_word' id='word_1_54' title='bbox 586 917 758 973; x_wconf 86' lang='lat' dir='ltr'><strong>miscebant.</strong></span> <span class='ocrx_word' id='word_1_55' title='bbox 822 915 956 984; x_wconf 86' lang='lat' dir='ltr'><strong>Romani,</strong></span> 
     </span>
     <span class='ocr_line' id='line_1_9' title="bbox 93 1015 956 1091; baseline -0.003 -17"><span class='ocrx_word' id='word_1_56' title='bbox 93 1015 260 1074; x_wconf 80' lang='lat' dir='ltr'><strong>volneribus</strong></span> <span class='ocrx_word' id='word_1_57' title='bbox 298 1015 402 1080; x_wconf 84' lang='lat' dir='ltr'><strong>exciti,</strong></span> <span class='ocrx_word' id='word_1_58' title='bbox 420 1019 560 1091; x_wconf 88' lang='lat' dir='ltr'><strong>quaerunt</strong></span> <span class='ocrx_word' id='word_1_59' title='bbox 587 1031 675 1082; x_wconf 86' lang='lat' dir='ltr'><strong>arma,</strong></span> <span class='ocrx_word' id='word_1_60' title='bbox 703 1019 790 1072; x_wconf 87' lang='lat' dir='ltr'><strong>munt</strong></span> <span class='ocrx_word' id='word_1_61' title='bbox 809 1033 862 1088; x_wconf 86' lang='lat' dir='ltr'><strong>per</strong></span> <span class='ocrx_word' id='word_1_62' title='bbox 885 1016 956 1082; x_wconf 88' lang='lat' dir='ltr'><strong>vias,</strong></span> 
     </span>
     <span class='ocr_line' id='line_1_10' title="bbox 92 1113 956 1188; baseline -0.001 -18"><span class='ocrx_word' id='word_1_63' title='bbox 92 1113 177 1188; x_wconf 84' lang='lat' dir='ltr'><strong>pauci</strong></span> <span class='ocrx_word' id='word_1_64' title='bbox 197 1121 299 1171; x_wconf 92' lang='lat' dir='ltr'><strong>ornatu</strong></span> <span class='ocrx_word' id='word_1_65' title='bbox 325 1113 453 1180; x_wconf 88' lang='lat' dir='ltr'><strong>militari,</strong></span> <span class='ocrx_word' id='word_1_66' title='bbox 474 1113 601 1188; x_wconf 78' lang='lat' dir='ltr'>plerique</span> <span class='ocrx_word' id='word_1_67' title='bbox 627 1113 739 1171; x_wconf 87' lang='lat' dir='ltr'><strong>circum</strong></span> <span class='ocrx_word' id='word_1_68' title='bbox 760 1113 881 1170; x_wconf 86' lang='lat' dir='ltr'><strong>brachia</strong></span> <span class='ocrx_word' id='word_1_69' title='bbox 902 1119 956 1170; x_wconf 93' lang='lat' dir='ltr'><strong>tor·</strong></span> 
     </span>
     <span class='ocr_line' id='line_1_11' title="bbox 92 1213 954 1270; baseline -0.002 0"><span class='ocrx_word' id='word_1_70' title='bbox 92 1217 122 1270; x_wconf 85' lang='lat' dir='ltr'><strong>ta</strong></span> <span class='ocrx_word' id='word_1_71' title='bbox 138 1217 219 1268; x_wconf 85' lang='lat' dir='ltr'><strong>reste</strong></span> <span class='ocrx_word' id='word_1_72' title='bbox 246 1217 276 1268; x_wconf 87' lang='lat' dir='ltr'><strong>et</strong></span> <span class='ocrx_word' id='word_1_73' title='bbox 302 1213 411 1270; x_wconf 87' lang='lat' dir='ltr'><strong>strictis</strong></span> <span class='ocrx_word' id='word_1_74' title='bbox 439 1213 631 1270; x_wconf 85' lang='lat' dir='ltr'><strong>mnemnibos.</strong></span> <span class='ocrx_word' id='word_1_75' title='bbox 672 1213 741 1268; x_wconf 86' lang='lat' dir='ltr'><strong>Dux</strong></span> <span class='ocrx_word' id='word_1_76' title='bbox 765 1213 954 1269; x_wconf 78' lang='lat' dir='ltr'>semisomnus</span> 
     </span>
     <span class='ocr_line' id='line_1_12' title="bbox 91 1310 956 1384; baseline 0 -18"><span class='ocrx_word' id='word_1_77' title='bbox 91 1325 127 1367; x_wconf 85' lang='lat' dir='ltr'><strong>ac</strong></span> <span class='ocrx_word' id='word_1_78' title='bbox 141 1323 229 1382; x_wconf 87' lang='lat' dir='ltr'><strong>prope</strong></span> <span class='ocrx_word' id='word_1_79' title='bbox 246 1310 383 1377; x_wconf 81' lang='lat' dir='ltr'><strong>intectus,</strong></span> <span class='ocrx_word' id='word_1_80' title='bbox 394 1327 488 1368; x_wconf 86' lang='lat' dir='ltr'><strong>errore</strong></span> <span class='ocrx_word' id='word_1_81' title='bbox 499 1312 625 1368; x_wconf 87' lang='lat' dir='ltr'><strong>hostium</strong></span> <span class='ocrx_word' id='word_1_82' title='bbox 639 1317 780 1368; x_wconf 82' lang='lat' dir='ltr'><strong>servatur.</strong></span> <span class='ocrx_word' id='word_1_83' title='bbox 824 1312 956 1384; x_wconf 87' lang='lat' dir='ltr'><strong>Namque</strong></span> 
     </span>
     <span class='ocr_line' id='line_1_13' title="bbox 92 1407 954 1482; baseline -0.002 -16"><span class='ocrx_word' id='word_1_84' title='bbox 92 1407 271 1466; x_wconf 72' lang='lat' dir='ltr'><strong>Praetorium</strong></span> <span class='ocrx_word' id='word_1_85' title='bbox 295 1425 402 1466; x_wconf 84' lang='lat' dir='ltr'><strong>narem</strong></span> <span class='ocrx_word' id='word_1_86' title='bbox 427 1409 541 1466; x_wconf 86' lang='lat' dir='ltr'><strong>vexillo</strong></span> <span class='ocrx_word' id='word_1_87' title='bbox 571 1409 726 1482; x_wconf 79' lang='lat' dir='ltr'>insignem,</span> <span class='ocrx_word' id='word_1_88' title='bbox 755 1409 821 1466; x_wconf 89' lang='lat' dir='ltr'><strong>illic</strong></span> <span class='ocrx_word' id='word_1_89' title='bbox 843 1410 954 1466; x_wconf 86' lang='lat' dir='ltr'><strong>Ducem</strong></span> 
     </span>
     <span class='ocr_line' id='line_1_14' title="bbox 92 1507 956 1581; baseline -0.002 -15"><span class='ocrx_word' id='word_1_90' title='bbox 92 1507 158 1573; x_wconf 83' lang='lat' dir='ltr'><strong>rati,</strong></span> <span class='ocrx_word' id='word_1_91' title='bbox 191 1507 345 1580; x_wconf 86' lang='lat' dir='ltr'><strong>abripiunt.</strong></span> <span class='ocrx_word' id='word_1_92' title='bbox 395 1508 522 1566; x_wconf 75' lang='lat' dir='ltr'><strong>Cerialis</strong></span> <span class='ocrx_word' id='word_1_93' title='bbox 552 1508 624 1566; x_wconf 81' lang='lat' dir='ltr'><strong>aliltl</strong></span> <span class='ocrx_word' id='word_1_94' title='bbox 654 1512 771 1564; x_wconf 90' lang='lat' dir='ltr'><strong>noctem</strong></span> <span class='ocrx_word' id='word_1_95' title='bbox 796 1517 906 1581; x_wconf 81' lang='lat' dir='ltr'><strong>egerat,</strong></span> <span class='ocrx_word' id='word_1_96' title='bbox 926 1511 956 1564; x_wconf 86' lang='lat' dir='ltr'><strong>ut</strong></span> 
     </span>
     <span class='ocr_line' id='line_1_15' title="bbox 92 1605 955 1680; baseline 0.001 -18"><span class='ocrx_word' id='word_1_97' title='bbox 92 1605 221 1680; x_wconf 78' lang='lat' dir='ltr'><strong>plerique</strong></span> <span class='ocrx_word' id='word_1_98' title='bbox 248 1606 407 1673; x_wconf 81' lang='lat' dir='ltr'><strong>credidere,</strong></span> <span class='ocrx_word' id='word_1_99' title='bbox 426 1609 465 1664; x_wconf 82' lang='lat' dir='ltr'><strong>on</strong></span> <span class='ocrx_word' id='word_1_100' title='bbox 494 1613 623 1679; x_wconf 75' lang='lat' dir='ltr'><strong>stuprum</strong></span> <span class='ocrx_word' id='word_1_101' title='bbox 637 1605 779 1664; x_wconf 81' lang='lat' dir='ltr'><strong>Claudiae</strong></span> <span class='ocrx_word' id='word_1_102' title='bbox 807 1608 955 1675; x_wconf 85' lang='lat' dir='ltr'><strong>Sacratae,</strong></span> 
     </span>
     <span class='ocr_line' id='line_1_16' title="bbox 92 1704 1036 1778; baseline -0.001 -16"><span class='ocrx_word' id='word_1_103' title='bbox 92 1704 341 1762; x_wconf 83' lang='lat' dir='ltr'><strong>mulieristiae.</strong></span> <span class='ocrx_word' id='word_1_104' title='bbox 357 1705 462 1778; x_wconf 75' lang='lat' dir='ltr'><strong>vigiles</strong></span> <span class='ocrx_word' id='word_1_105' title='bbox 483 1705 624 1778; x_wconf 78' lang='lat' dir='ltr'><strong>flagitium</strong></span> <span class='ocrx_word' id='word_1_106' title='bbox 649 1721 731 1762; x_wconf 88' lang='lat' dir='ltr'><strong>suum</strong></span> <span class='ocrx_word' id='word_1_107' title='bbox 749 1705 844 1762; x_wconf 81' lang='lat' dir='ltr'><strong>lionis</strong></span> <span class='ocrx_word' id='word_1_108' title='bbox 873 1707 956 1761; x_wconf 90' lang='lat' dir='ltr'><strong>dede·</strong></span> <span class='ocrx_word' id='word_1_109' title='bbox 1035 1747 1036 1778; x_wconf 40' lang='lat' dir='ltr'><strong>p</strong></span> 
     </span>
     <span class='ocr_line' id='line_1_17' title="bbox 91 1785 1036 1877; baseline 0 -17"><span class='ocrx_word' id='word_1_110' title='bbox 91 1817 160 1860; x_wconf 89' lang='lat' dir='ltr'><strong>core</strong></span> <span class='ocrx_word' id='word_1_111' title='bbox 181 1805 371 1872; x_wconf 76' lang='lat' dir='ltr'><strong>excusabant,</strong></span> <span class='ocrx_word' id='word_1_112' title='bbox 392 1809 536 1876; x_wconf 85' lang='lat' dir='ltr'><strong>tamquam</strong></span> <span class='ocrx_word' id='word_1_113' title='bbox 552 1804 640 1860; x_wconf 86' lang='lat' dir='ltr'><strong>‘iussi</strong></span> <span class='ocrx_word' id='word_1_114' title='bbox 655 1804 752 1868; x_wconf 85' lang='lat' dir='ltr'><strong>silere,</strong></span> <span class='ocrx_word' id='word_1_115' title='bbox 767 1821 806 1860; x_wconf 90' lang='lat' dir='ltr'><strong>ne</strong></span> <span class='ocrx_word' id='word_1_116' title='bbox 831 1804 955 1877; x_wconf 86' lang='lat' dir='ltr'><strong>quietem</strong></span> <span class='ocrx_word' id='word_1_117' title='bbox 1035 1785 1036 1790; x_wconf 8' lang='grc' dir='ltr'>ἵ</span> 
     </span>
     <span class='ocr_line' id='line_1_18' title="bbox 93 1901 954 1978; baseline 0 -20"><span class='ocrx_word' id='word_1_118' title='bbox 93 1901 173 1958; x_wconf 89' lang='lat' dir='ltr'><strong>‘aius</strong></span> <span class='ocrx_word' id='word_1_119' title='bbox 190 1903 344 1958; x_wconf 85' lang='lat' dir='ltr'><strong>turbarent.</strong></span> <span class='ocrx_word' id='word_1_120' title='bbox 366 1902 416 1968; x_wconf 84' lang='lat' dir='ltr'><strong>ita,</strong></span> <span class='ocrx_word' id='word_1_121' title='bbox 429 1902 591 1960; x_wconf 88' lang='lat' dir='ltr'><strong>intermisso</strong></span> <span class='ocrx_word' id='word_1_122' title='bbox 621 1903 706 1978; x_wconf 79' lang='lat' dir='ltr'><strong>signo</strong></span> <span class='ocrx_word' id='word_1_123' title='bbox 726 1910 755 1959; x_wconf 87' lang='lat' dir='ltr'><strong>et</strong></span> <span class='ocrx_word' id='word_1_124' title='bbox 778 1903 910 1970; x_wconf 85' lang='lat' dir='ltr'><strong>vocibus,</strong></span> <span class='ocrx_word' id='word_1_125' title='bbox 924 1919 954 1958; x_wconf 87' lang='lat' dir='ltr'><strong>sa</strong></span> 
     </span>
     <span class='ocr_line' id='line_1_19' title="bbox 90 1998 954 2072; baseline 0.001 -16"><span class='ocrx_word' id='word_1_126' title='bbox 90 2003 221 2072; x_wconf 77' lang='lat' dir='ltr'><strong>‘quoque</strong></span> <span class='ocrx_word' id='word_1_127' title='bbox 235 1998 266 2072; x_wconf 83' lang='lat' dir='ltr'><strong>in</strong></span> <span class='ocrx_word' id='word_1_128' title='bbox 280 2011 412 2057; x_wconf 90' lang='lat' dir='ltr'><strong>somnum</strong></span> <span class='ocrx_word' id='word_1_129' title='bbox 427 1999 541 2072; x_wconf 66' lang='lat' dir='ltr'><strong>lapsos!</strong></span> <span class='ocrx_word' id='word_1_130' title='bbox 585 2001 680 2058; x_wconf 84' lang='lat' dir='ltr'><strong>lilulta</strong></span> <span class='ocrx_word' id='word_1_131' title='bbox 693 2005 756 2058; x_wconf 86' lang='lat' dir='ltr'><strong>luce</strong></span> <span class='ocrx_word' id='word_1_132' title='bbox 768 2002 882 2058; x_wconf 86' lang='lat' dir='ltr'><strong>revecti</strong></span> <span class='ocrx_word' id='word_1_133' title='bbox 894 2002 954 2057; x_wconf 86' lang='lat' dir='ltr'><strong>lros·</strong></span> 
     </span>
     <span class='ocr_line' id='line_1_20' title="bbox 91 2093 1035 2172; baseline 0.001 -18"><span class='ocrx_word' id='word_1_134' title='bbox 91 2102 145 2164; x_wconf 87' lang='lat' dir='ltr'><strong>tes,</strong></span> <span class='ocrx_word' id='word_1_135' title='bbox 157 2097 283 2168; x_wconf 84' lang='lat' dir='ltr'><strong>captivis</strong></span> <span class='ocrx_word' id='word_1_136' title='bbox 310 2099 444 2166; x_wconf 83' lang='lat' dir='ltr'><strong>naribus,</strong></span> <span class='ocrx_word' id='word_1_137' title='bbox 469 2093 648 2156; x_wconf 72' lang='lat' dir='ltr'><strong>ll&#39;raetorinrn</strong></span> <span class='ocrx_word' id='word_1_138' title='bbox 671 2100 816 2156; x_wconf 77' lang='lat' dir='ltr'><strong>triremem</strong></span> <span class='ocrx_word' id='word_1_139' title='bbox 838 2100 954 2156; x_wconf 83' lang='lat' dir='ltr'><strong>numine</strong></span> <span class='ocrx_word' id='word_1_140' title='bbox 1034 2167 1035 2172; x_wconf 8' lang='grc' dir='ltr'>η</span> 
     </span>
    </p>

    <p class='ocr_par' dir='ltr' id='par_1_3' title="bbox 39 2191 1037 2370">
     <span class='ocr_line' id='line_1_21' title="bbox 39 2191 955 2272; baseline 0.003 -20"><span class='ocrx_word' id='word_1_141' title='bbox 39 2191 326 2269; x_wconf 76' lang='lat' dir='ltr'><strong>23anpiadonum</strong></span> <span class='ocrx_word' id='word_1_142' title='bbox 360 2197 494 2255; x_wconf 88' lang='lat' dir='ltr'><strong>Veledae</strong></span> <span class='ocrx_word' id='word_1_143' title='bbox 521 2203 643 2254; x_wconf 76' lang='lat' dir='ltr'><strong>traxere.</strong></span> <span class='ocrx_word' id='word_1_144' title='bbox 696 2197 825 2256; x_wconf 83' lang='lat' dir='ltr'><strong>Civilem</strong></span> <span class='ocrx_word' id='word_1_145' title='bbox 852 2199 955 2272; x_wconf 89' lang='lat' dir='ltr'><strong>cupido</strong></span> 
     </span>
     <span class='ocr_line' id='line_1_22' title="bbox 89 2295 1037 2370; baseline 0.002 -18"><span class='ocrx_word' id='word_1_146' title='bbox 89 2295 211 2352; x_wconf 83' lang='lat' dir='ltr'><strong>incessit</strong></span> <span class='ocrx_word' id='word_1_147' title='bbox 259 2297 394 2353; x_wconf 87' lang='lat' dir='ltr'><strong>navalem</strong></span> <span class='ocrx_word' id='word_1_148' title='bbox 434 2297 528 2353; x_wconf 85' lang='lat' dir='ltr'><strong>aciem</strong></span> <span class='ocrx_word' id='word_1_149' title='bbox 566 2295 741 2354; x_wconf 88' lang='lat' dir='ltr'><strong>ostentandi.</strong></span> <span class='ocrx_word' id='word_1_150' title='bbox 812 2297 956 2370; x_wconf 84' lang='lat' dir='ltr'><strong>Complet,</strong></span> <span class='ocrx_word' id='word_1_151' title='bbox 1036 2337 1037 2368; x_wconf 45' lang='grc' dir='ltr'>ι</span> 
     </span>
    </p>
   </div>
   <div class='ocr_carea' id='block_1_3' title="bbox 91 2391 956 2864">
    <p class='ocr_par' dir='ltr' id='par_1_4' title="bbox 91 2391 956 2864">
     <span class='ocr_line' id='line_1_23' title="bbox 92 2391 954 2469; baseline 0.001 -18"><span class='ocrx_word' id='word_1_152' title='bbox 92 2395 168 2469; x_wconf 82' lang='lat' dir='ltr'><strong>quod</strong></span> <span class='ocrx_word' id='word_1_153' title='bbox 193 2394 353 2458; x_wconf 80' lang='lat' dir='ltr'><strong>biremium,</strong></span> <span class='ocrx_word' id='word_1_154' title='bbox 373 2411 503 2468; x_wconf 84' lang='lat' dir='ltr'><strong>quaeque</strong></span> <span class='ocrx_word' id='word_1_155' title='bbox 522 2395 649 2468; x_wconf 85' lang='lat' dir='ltr'><strong>simplici</strong></span> <span class='ocrx_word' id='word_1_156' title='bbox 669 2391 770 2452; x_wconf 91' lang='lat' dir='ltr'><strong>ordine</strong></span> <span class='ocrx_word' id='word_1_157' title='bbox 788 2398 954 2468; x_wconf 82' lang='lat' dir='ltr'><strong>agebantur.</strong></span> 
     </span>
     <span class='ocr_line' id='line_1_24' title="bbox 93 2492 956 2568; baseline 0 -17"><span class='ocrx_word' id='word_1_158' title='bbox 93 2493 221 2551; x_wconf 80' lang='lat' dir='ltr'><strong>Arlieotn</strong></span> <span class='ocrx_word' id='word_1_159' title='bbox 241 2493 344 2566; x_wconf 84' lang='lat' dir='ltr'><strong>ingens</strong></span> <span class='ocrx_word' id='word_1_160' title='bbox 375 2494 503 2549; x_wconf 89' lang='lat' dir='ltr'><strong>lintrium</strong></span> <span class='ocrx_word' id='word_1_161' title='bbox 526 2492 580 2559; x_wconf 89' lang='lat' dir='ltr'><strong>vis,</strong></span> <span class='ocrx_word' id='word_1_162' title='bbox 602 2493 728 2550; x_wconf 87' lang='lat' dir='ltr'><strong>tricenos</strong></span> <span class='ocrx_word' id='word_1_163' title='bbox 749 2495 956 2568; x_wconf 82' lang='lat' dir='ltr'><strong>quadragenos·</strong></span> 
     </span>
     <span class='ocr_line' id='line_1_25' title="bbox 92 2591 955 2666; baseline 0.002 -18"><span class='ocrx_word' id='word_1_164' title='bbox 92 2605 147 2666; x_wconf 84' lang='lat' dir='ltr'><strong>que</strong></span> <span class='ocrx_word' id='word_1_165' title='bbox 185 2591 354 2648; x_wconf 82' lang='lat' dir='ltr'><strong>serentiumr</strong></span> <span class='ocrx_word' id='word_1_166' title='bbox 380 2597 560 2650; x_wconf 82' lang='lat' dir='ltr'><strong>armamenta</strong></span> <span class='ocrx_word' id='word_1_167' title='bbox 593 2592 760 2648; x_wconf 83' lang='lat' dir='ltr'><strong>Liburnicis</strong></span> <span class='ocrx_word' id='word_1_168' title='bbox 788 2595 896 2648; x_wconf 84' lang='lat' dir='ltr'><strong>solitar</strong></span> <span class='ocrx_word' id='word_1_169' title='bbox 928 2597 955 2651; x_wconf 86' lang='lat' dir='ltr'><strong>et</strong></span> 
     </span>
     <span class='ocr_line' id='line_1_26' title="bbox 91 2689 956 2762; baseline 0.001 -17"><span class='ocrx_word' id='word_1_170' title='bbox 91 2689 175 2747; x_wconf 87' lang='lat' dir='ltr'><strong>simul</strong></span> <span class='ocrx_word' id='word_1_171' title='bbox 191 2695 280 2762; x_wconf 83' lang='lat' dir='ltr'><strong>aptae</strong></span> <span class='ocrx_word' id='word_1_172' title='bbox 300 2689 400 2746; x_wconf 86' lang='lat' dir='ltr'><strong>lintres</strong></span> <span class='ocrx_word' id='word_1_173' title='bbox 421 2689 529 2760; x_wconf 78' lang='lat' dir='ltr'><strong>sagulis</strong></span> <span class='ocrx_word' id='word_1_174' title='bbox 544 2690 766 2748; x_wconf 87' lang='lat' dir='ltr'><strong>versicoloribus</strong></span> <span class='ocrx_word' id='word_1_175' title='bbox 788 2692 866 2748; x_wconf 87' lang='lat' dir='ltr'><strong>haud</strong></span> <span class='ocrx_word' id='word_1_176' title='bbox 882 2691 956 2749; x_wconf 87' lang='lat' dir='ltr'><strong>inde·</strong></span> 
     </span>
     <span class='ocr_line' id='line_1_27' title="bbox 92 2788 955 2864; baseline 0.002 -20"><span class='ocrx_word' id='word_1_177' title='bbox 92 2803 160 2845; x_wconf 90' lang='lat' dir='ltr'><strong>core</strong></span> <span class='ocrx_word' id='word_1_178' title='bbox 182 2804 232 2860; x_wconf 90' lang='lat' dir='ltr'><strong>pro</strong></span> <span class='ocrx_word' id='word_1_179' title='bbox 261 2789 335 2845; x_wconf 86' lang='lat' dir='ltr'><strong>valis</strong></span> <span class='ocrx_word' id='word_1_180' title='bbox 357 2788 538 2846; x_wconf 76' lang='lat' dir='ltr'><strong>iuvenentur.</strong></span> <span class='ocrx_word' id='word_1_181' title='bbox 592 2789 724 2860; x_wconf 83' lang='lat' dir='ltr'><strong>Spatium</strong></span> <span class='ocrx_word' id='word_1_182' title='bbox 748 2791 829 2846; x_wconf 89' lang='lat' dir='ltr'><strong>velut</strong></span> <span class='ocrx_word' id='word_1_183' title='bbox 857 2807 955 2864; x_wconf 79' lang='lat' dir='ltr'><strong>aeqno·</strong></span> 
     </span>
    </p>
   </div>
   <div class='ocr_carea' id='block_1_4' title="bbox 90 2885 1037 3352">
    <p class='ocr_par' dir='ltr' id='par_1_5' title="bbox 90 2885 1037 3352">
     <span class='ocr_line' id='line_1_28' title="bbox 92 2885 953 2961; baseline 0.003 -19"><span class='ocrx_word' id='word_1_184' title='bbox 92 2885 131 2942; x_wconf 87' lang='lat' dir='ltr'><strong>ris</strong></span> <span class='ocrx_word' id='word_1_185' title='bbox 155 2889 290 2948; x_wconf 85' lang='lat' dir='ltr'><strong>electum,</strong></span> <span class='ocrx_word' id='word_1_186' title='bbox 310 2905 366 2961; x_wconf 89' lang='lat' dir='ltr'><strong>quo</strong></span> <span class='ocrx_word' id='word_1_187' title='bbox 391 2887 491 2943; x_wconf 84' lang='lat' dir='ltr'><strong>Mosae</strong></span> <span class='ocrx_word' id='word_1_188' title='bbox 521 2887 646 2944; x_wconf 84' lang='lat' dir='ltr'><strong>fluminis</strong></span> <span class='ocrx_word' id='word_1_189' title='bbox 675 2903 708 2943; x_wconf 93' lang='lat' dir='ltr'><strong>os</strong></span> <span class='ocrx_word' id='word_1_190' title='bbox 739 2903 855 2944; x_wconf 84' lang='lat' dir='ltr'><strong>amnem</strong></span> <span class='ocrx_word' id='word_1_191' title='bbox 881 2890 953 2946; x_wconf 84' lang='lat' dir='ltr'><strong>ltne-</strong></span> 
     </span>
     <span class='ocr_line' id='line_1_29' title="bbox 92 2985 952 3054; baseline 0.003 -13"><span class='ocrx_word' id='word_1_192' title='bbox 92 2999 161 3042; x_wconf 92' lang='lat' dir='ltr'><strong>num</strong></span> <span class='ocrx_word' id='word_1_193' title='bbox 184 2985 305 3042; x_wconf 81' lang='lat' dir='ltr'><strong>Oceano</strong></span> <span class='ocrx_word' id='word_1_194' title='bbox 329 2985 470 3042; x_wconf 81' lang='lat' dir='ltr'><strong>adtendit.</strong></span> <span class='ocrx_word' id='word_1_195' title='bbox 511 2985 621 3042; x_wconf 83' lang='lat' dir='ltr'><strong>Causea</strong></span> <span class='ocrx_word' id='word_1_196' title='bbox 641 2986 837 3044; x_wconf 84' lang='lat' dir='ltr'><strong>instruendae·</strong></span> <span class='ocrx_word' id='word_1_197' title='bbox 847 2989 952 3054; x_wconf 84' lang='lat' dir='ltr'><strong>classis,</strong></span> 
     </span>
     <span class='ocr_line' id='line_1_30' title="bbox 92 3083 954 3156; baseline 0.005 -17"><span class='ocrx_word' id='word_1_198' title='bbox 92 3101 177 3154; x_wconf 86' lang='lat' dir='ltr'><strong>super</strong></span> <span class='ocrx_word' id='word_1_199' title='bbox 200 3083 317 3140; x_wconf 86' lang='lat' dir='ltr'><strong>insitam</strong></span> <span class='ocrx_word' id='word_1_200' title='bbox 337 3085 418 3156; x_wconf 76' lang='lat' dir='ltr'><strong>genti</strong></span> <span class='ocrx_word' id='word_1_201' title='bbox 440 3083 610 3148; x_wconf 82' lang='lat' dir='ltr'><strong>venitatem,</strong></span> <span class='ocrx_word' id='word_1_202' title='bbox 635 3090 664 3140; x_wconf 91' lang='lat' dir='ltr'><strong>ut</strong></span> <span class='ocrx_word' id='word_1_203' title='bbox 685 3101 722 3140; x_wconf 90' lang='lat' dir='ltr'><strong>eo</strong></span> <span class='ocrx_word' id='word_1_204' title='bbox 742 3090 850 3141; x_wconf 82' lang='lat' dir='ltr'><strong>terrore</strong></span> <span class='ocrx_word' id='word_1_205' title='bbox 882 3103 954 3144; x_wconf 86' lang='lat' dir='ltr'><strong>com·</strong></span> 
     </span>
     <span class='ocr_line' id='line_1_31' title="bbox 90 3181 953 3254; baseline 0.006 -19"><span class='ocrx_word' id='word_1_206' title='bbox 90 3189 202 3236; x_wconf 83' lang='lat' dir='ltr'><strong>meatus</strong></span> <span class='ocrx_word' id='word_1_207' title='bbox 222 3182 322 3236; x_wconf 81' lang='lat' dir='ltr'><strong>Gallia</strong></span> <span class='ocrx_word' id='word_1_208' title='bbox 348 3181 542 3238; x_wconf 81' lang='lat' dir='ltr'><strong>adventantes</strong></span> <span class='ocrx_word' id='word_1_209' title='bbox 571 3181 790 3254; x_wconf 82' lang='lat' dir='ltr'><strong>interciperent.</strong></span> <span class='ocrx_word' id='word_1_210' title='bbox 834 3183 953 3242; x_wconf 78' lang='lat' dir='ltr'><strong>Cerialis</strong></span> 
     </span>
     <span class='ocr_line' id='line_1_32' title="bbox 90 3276 1037 3352; baseline 0.013 -23"><span class='ocrx_word' id='word_1_211' title='bbox 90 3276 229 3333; x_wconf 86' lang='lat' dir='ltr'><strong>miraculo</strong></span> <span class='ocrx_word' id='word_1_212' title='bbox 265 3278 367 3349; x_wconf 85' lang='lat' dir='ltr'><strong>magis,</strong></span> <span class='ocrx_word' id='word_1_213' title='bbox 386 3291 472 3349; x_wconf 83' lang='lat' dir='ltr'><strong>qnam</strong></span> <span class='ocrx_word' id='word_1_214' title='bbox 504 3284 591 3345; x_wconf 85' lang='lat' dir='ltr'><strong>metu,</strong></span> <span class='ocrx_word' id='word_1_215' title='bbox 612 3280 722 3338; x_wconf 78' lang='lat' dir='ltr'><strong>direxit</strong></span> <span class='ocrx_word' id='word_1_216' title='bbox 754 3283 887 3352; x_wconf 88' lang='lat' dir='ltr'><strong>classem,</strong></span> <span class='ocrx_word' id='word_1_217' title='bbox 908 3299 954 3340; x_wconf 89' lang='lat' dir='ltr'><strong>nu-</strong></span> <span class='ocrx_word' id='word_1_218' title='bbox 1036 3299 1037 3320; x_wconf 50' lang='lat' dir='ltr'><strong>l</strong></span> 
     </span>
    </p>
   </div>
   <div class='ocr_carea' id='block_1_5' title="bbox 86 3421 954 3534">
    <p class='ocr_par' dir='ltr' id='par_1_6' title="bbox 86 3421 954 3534">
     <span class='ocr_line' id='line_1_33' title="bbox 117 3421 954 3491; baseline 0.022 -25"><span class='ocrx_word' id='word_1_219' title='bbox 117 3421 192 3468; x_wconf 79' lang='lat' dir='ltr'><strong>Prono</strong></span> <span class='ocrx_word' id='word_1_220' title='bbox 202 3436 266 3470; x_wconf 82' lang='lat' dir='ltr'><strong>omne</strong></span> <span class='ocrx_word' id='word_1_221' title='bbox 274 3427 342 3483; x_wconf 74' lang='lat' dir='ltr'><strong>rapta]</strong></span> <span class='ocrx_word' id='word_1_222' title='bbox 375 3427 417 3472; x_wconf 90' lang='lat' dir='ltr'><strong>Per</strong></span> <span class='ocrx_word' id='word_1_223' title='bbox 424 3429 509 3474; x_wconf 77' lang='lat' dir='ltr'><strong>nnllam</strong></span> <span class='ocrx_word' id='word_1_224' title='bbox 519 3427 600 3476; x_wconf 87' lang='lat' dir='ltr'><strong>deinde</strong></span> <span class='ocrx_word' id='word_1_225' title='bbox 610 3431 759 3491; x_wconf 76' lang='lat' dir='ltr'><strong>intelligenda</strong></span> <span class='ocrx_word' id='word_1_226' title='bbox 768 3438 842 3482; x_wconf 83' lang='lat' dir='ltr'><strong>castra</strong></span> <span class='ocrx_word' id='word_1_227' title='bbox 852 3441 954 3484; x_wconf 84' lang='lat' dir='ltr'><strong>nocturna</strong></span> 
     </span>
     <span class='ocr_line' id='line_1_34' title="bbox 86 3480 569 3534; baseline 0.025 -16"><span class='ocrx_word' id='word_1_228' title='bbox 86 3489 157 3534; x_wconf 88' lang='lat' dir='ltr'><strong>prope</strong></span> <span class='ocrx_word' id='word_1_229' title='bbox 168 3480 255 3532; x_wconf 84' lang='lat' dir='ltr'><strong>flumen,</strong></span> <span class='ocrx_word' id='word_1_230' title='bbox 266 3481 303 3525; x_wconf 85' lang='lat' dir='ltr'><strong>uhi</strong></span> <span class='ocrx_word' id='word_1_231' title='bbox 314 3485 388 3529; x_wconf 86' lang='lat' dir='ltr'><strong>classis</strong></span> <span class='ocrx_word' id='word_1_232' title='bbox 397 3485 478 3529; x_wconf 80' lang='lat' dir='ltr'><strong>stabat.</strong></span> <span class='ocrx_word' id='word_1_233' title='bbox 510 3485 569 3532; x_wconf 82' lang='lat' dir='ltr'><strong>Em.</strong></span> 
     </span>
    </p>
   </div>
   <div class='ocr_carea' id='block_1_6' title="bbox 116 3550 953 3631">
    <p class='ocr_par' dir='ltr' id='par_1_7' title="bbox 116 3550 953 3631">
     <span class='ocr_line' id='line_1_35' title="bbox 116 3550 953 3631; baseline 0.032 -36"><span class='ocrx_word' id='word_1_234' title='bbox 116 3550 231 3600; x_wconf 69' lang='lat' dir='ltr'><strong>utrumn</strong></span> <span class='ocrx_word' id='word_1_235' title='bbox 249 3558 327 3615; x_wconf 75' lang='lat' dir='ltr'><strong>magis,</strong></span> <span class='ocrx_word' id='word_1_236' title='bbox 346 3573 412 3618; x_wconf 83' lang='lat' dir='ltr'><strong>paam</strong></span> <span class='ocrx_word' id='word_1_237' title='bbox 430 3563 499 3624; x_wconf 65' lang='lat' dir='ltr'><strong>mnu]</strong></span> <span class='ocrx_word' id='word_1_238' title='bbox 530 3563 617 3623; x_wconf 65' lang='lat' dir='ltr'><strong>Megia,</strong></span> <span class='ocrx_word' id='word_1_239' title='bbox 637 3565 690 3628; x_wconf 80' lang='lat' dir='ltr'><strong>quia</strong></span> <span class='ocrx_word' id='word_1_240' title='bbox 708 3568 840 3631; x_wconf 72' lang='lat' dir='ltr'><strong>minantur,</strong></span> <span class='ocrx_word' id='word_1_241' title='bbox 861 3572 953 3622; x_wconf 78' lang='lat' dir='ltr'><strong>Girilea</strong></span> 
     </span>
    </p>
   </div>
   <div class='ocr_carea' id='block_1_7' title="bbox 0 0 1066 3830">
    <p class='ocr_par' dir='ltr' id='par_1_8' title="bbox 0 0 1066 3830">
     <span class='ocr_line' id='line_1_36' title="bbox 0 0 1066 3830; baseline 0 0"><span class='ocrx_word' id='word_1_242' title='bbox 0 0 1066 3830; x_wconf 95' lang='lat' dir='ltr'><strong> </strong></span> 
     </span>
    </p>
   </div>
  </div>
 </body>
</html>
