2158 3820
103 157 151 224 bt)
424 171 609 222 anuanrrnr
824 171 975 224 auare

15 355 16 372 ι
100 330 157 386 lat:
178 325 284 401 quippe
296 343 427 401 egressus
450 326 593 386 Armenia
617 325 765 400 Tigranes
781 325 976 394 Adiabenos,

64 475 66 480 .
100 426 311 484 conterminam
325 426 482 493 nationem,
503 426 589 486 tatius
616 426 784 491 radiatim,
805 441 894 500 quam
916 441 973 497 per

99 525 263 591 latrocinia,
308 530 497 582 vastaverat:
531 525 618 599 idque
661 525 802 597 primores
834 525 974 598 gentium

100 639 191 698 aegre
213 625 396 680 tolerabant:
416 629 473 680 ‘eo
491 623 704 696 contemptioni
727 626 911 688 descensum,
937 628 975 682 ut

100 727 161 780 ‘nc
178 721 389 795 Ducequidem
410 721 544 779 Romano
566 722 791 789 incursarentur,
811 724 864 779 sed
879 729 974 782 teme·

98 811 204 880 ‘ritate
223 821 341 886 obsidia,
357 825 399 876 tot
421 839 472 892 per
493 838 585 878 annos
599 821 676 878 iuter
690 821 838 894 mancipia
852 821 971 878 habiti?

100 921 294 978 Accendebat
308 919 436 976 dotorem
451 937 550 976 eorum
565 919 754 983 Monobazus,
776 936 863 994 quem
877 937 974 992 penes

102 1017 288 1078 Adiabenum
312 1017 450 1090 regimen,
481 1020 573 1093 ‘quod
599 1018 783 1092 praesidinm,
807 1024 858 1076 aut
888 1020 971 1076 unde

100 1123 108 1149 ⁸
123 1121 235 1190 peteret
249 1112 269 1174 i’
283 1115 419 1188 rogitans.
460 1123 468 1148 ‘
484 1118 547 1174 lam
561 1119 598 1174 de
621 1117 761 1174 Armenia
775 1134 971 1176 concessum:

100 1214 251 1288 ‘proxima
262 1214 346 1278 trahi,
367 1214 423 1272 uisi
446 1215 604 1274 defendant
619 1215 735 1272 Parthi:
758 1215 853 1274 levius
876 1216 973 1274 servi·

99 1312 195 1370 ‘tium
218 1312 293 1386 apud
322 1313 467 1370 Romanos
494 1313 610 1378 deditis,
641 1331 727 1386 quam
748 1315 855 1386 captis,
881 1313 972 1372 esse?

100 1410 253 1470 Tiridates
277 1428 388 1486 quoquc
412 1412 507 1486 Regni
533 1412 675 1486 profugus,
690 1430 742 1486 per
754 1413 903 1470 sitentium
918 1417 974 1472 aut

100 1517 109 1542 ‘
121 1511 236 1568 modice
247 1511 402 1585 querendo,
414 1510 530 1584 gravior
543 1516 613 1568 erat.
654 1512 699 1568 ‘N
703 1529 742 1567 on
756 1512 836 1568 enim
847 1512 974 1585 ignavia

102 1616 230 1684 ‘magua
261 1609 382 1682 imperia
415 1609 579 1666 contineri:
614 1610 742 1668 virorum
765 1627 971 1696 armorumque

100 1708 285 1766 ‘iaciendum
296 1713 453 1764 certamen.
496 1709 529 1765 ld
545 1709 574 1764 in
588 1723 699 1766 summa
713 1709 827 1766 fortuna
836 1709 973 1782 aequius,

100 1807 198 1880 ‘quod
227 1805 360 1862 validius.
401 1807 440 1863 Et
468 1824 519 1864 sua
539 1807 674 1872 retinere,
690 1808 822 1879 privatae
842 1808 971 1868 domnas

67 1902 155 1962 'Z‘de
178 1903 282 1961 alicnis
314 1910 435 1972 certare,
456 1905 579 1978 Regiam
608 1907 722 1963 taudem
743 1905 829 1968 esse?
871 1907 970 1980 Igitur

99 2009 262 2060 commotus
283 2003 327 2060 his
347 2003 510 2077 Vologeses
530 2004 688 2061 concilium
705 2009 803 2072 vocat,
821 2009 852 2062 et
873 2005 976 2077 proxi-

101 2119 190 2160 mum
215 2102 273 2159 sibi
292 2101 448 2158 Tiridaten
468 2103 629 2168 constituit,
658 2110 746 2178 atque
776 2103 818 2160 ita
839 2105 977 2162 cruiturz
1001 2121 1004 2125 ’

95 2209 104 2237 ‘
125 2201 214 2258 Hunc
228 2219 293 2275 ego,
307 2202 411 2256 eodem
425 2217 537 2258 mecum
547 2207 627 2273 patre
641 2202 781 2276 genitum,
802 2219 870 2260 cum
885 2202 976 2284 mini,

96 2307 165 2374 ‘per
192 2305 328 2367 aetatem,
353 2301 593 2358 summonomioc
620 2287 828 2368 concessisset,
849 2301 882 2358 in
904 2319 974 2374 poa·

96 2399 277 2458 ‘sessionem
301 2399 460 2456 Armeniae
479 2399 609 2468 dedum
630 2399 679 2473 qui
700 2400 801 2456 tertius
816 2401 973 2472 potentiae

97 2500 223 2573 ‘gradus
245 2499 377 2554 habetur.
400 2515 466 2554 uam
484 2497 586 2554 Medos
601 2497 728 2556 Pacorus
749 2504 819 2556 ante
839 2504 974 2571 ceperat.

96 2605 105 2630 ‘
122 2597 310 2670 videbarque,
330 2603 433 2654 contra
463 2602 563 2652 vetera
584 2596 702 2654 iratrum
734 2597 803 2655 odia
823 2605 854 2656 et
874 2591 972 2658 carrass

102 2695 210 2762 ‘mina‚
230 2694 357 2751 familiae
385 2702 500 2750 nostrae
529 2694 656 2754 Penates
680 2697 736 2754 rite
757 2699 975 2768 composuisse.

100 2793 276 2868 ‘prohibent
293 2791 427 2858 Romani,
448 2796 477 2848 et
500 2809 613 2864 pacem,
634 2794 706 2867 ipsis
721 2813 878 2869 numquam
895 2815 979 2870 pros·

101 2897 188 2968 ‘perc
223 2890 395 2973 lacessitam,
429 2908 507 2947 nunc
534 2910 646 2966 quoque
667 2893 698 2950 iu
731 2894 854 2951 exitium
884 2914 973 2956 suurn

105 2994 308 3062 ‘abrumpunt
358 2990 427 3046 Nou
462 2989 511 3047 ibo
541 2991 669 3048 inficias:
712 2993 859 3068 aequitate
883 3013 975 3068 quam

102 3091 276 3164 ‘sanguine
289 3087 391 3146 caussa
412 3107 496 3164 quam
518 3081 759 3156 armis‚'retinere
780 3097 861 3164 parta
882 3093 978 3152 maio-
1064 3143 1065 3150 ,

102 3190 200 3246 ‘ribus
221 3190 385 3244 malueram.
407 3189 431 3243 si
453 3188 641 3246 cunctatione
655 3191 774 3266 deliqui,
787 3191 895 3248 virtute
907 3209 974 3252 cor·

74 3271 77 3280 λ
100 3287 221 3360 ‘rigam
262 3287 371 3342 Vestra
384 3285 500 3359 quidem
514 3285 560 3340 vis
584 3293 614 3343 et
627 3289 721 3362 gioria
740 3290 770 3348 iu
785 3289 902 3365 integro
915 3295 978 3361 est,
1063 3309 1064 3316 ¹

130 3439 274 3504 Manciam]
307 3437 342 3486 De
350 3437 394 3484 troc
403 3437 430 3484 ct.
442 3436 530 3498 loseph.
541 3440 578 3497 2⁰,
589 3442 610 3486 t.

1056 3737 1062 3789 i
