2118 3848
13 239 14 242 ,
102 163 174 234 394
392 181 648 232 nrsuonrsavu
829 185 865 232 a.
880 182 912 232 v.
931 186 987 236 aaa

101 338 270 398 ‘destinata
317 337 385 396 Deo
413 339 488 396 ultra
535 334 709 396 maaselua’
776 334 987 396 Cunctantem

103 439 186 496 varia
217 435 363 512 pernicies
389 435 537 510 morbique
564 439 595 492 et
622 433 777 494 manifesta
796 436 984 494 coelestium

101 537 146 594 ira
171 539 342 612 graviorque
369 535 399 592 in
423 535 487 592 dies
513 535 662 608 fatigabat.
712 535 877 592 Advocato
908 553 984 594 oon·

102 635 198 703 aione,
238 634 343 694 ‘iussa
388 633 537 701 Numinis,
565 651 632 691 auos
670 630 898 708 Ptolemaeique
940 634 987 690 vi·

102 739 179 802 ‘rua
211 731 376 808 ingruentia
413 730 499 790 mala’
532 732 665 805 exponit.
718 731 837 807 Vulgus
869 733 980 790 adver·

103 833 162 890 sari
204 832 327 906 Regem,
363 830 498 888 invidere
538 832 688 904 Aegypto,
735 831 795 888 sibi
843 839 981 889 metuere

104 933 298 1004 templumque
317 929 529 988 aimumsidera.
570 921 668 988 Maior
690 929 760 988 hino
785 929 864 988 tama
891 931 979 988 tradi·

104 1027 157 1096 dit,
177 1029 294 1086 ‘Deum
309 1027 401 1102 ipsum
414 1028 548 1100 adpulsas
562 1027 641 1084 litori
664 1027 749 1086 navis
776 1035 885 1100 sponte
907 1045 979 1086 oon·

103 1124 293 1184 ‘obaudisse'
333 1126 440 1184 Mirum
463 1125 533 1184 inda
554 1126 644 1194 dioto,
665 1126 750 1184 tortio
776 1127 837 1192 die,
859 1133 977 1187 tantuna

104 1224 191 1282 uraris
204 1223 327 1290 emensi,
348 1223 559 1282 Alexandriam
578 1226 768 1298 adponuntur.
812 1226 974 1300 Templum

105 1339 157 1398 pro
177 1322 377 1398 magnitudine
397 1323 475 1381 urbis
500 1327 688 1388 exstructum.
709 1325 775 1382 luno
795 1325 847 1384 eui
869 1341 977 1382 nomeu

106 1420 258 1480 Rhacotis.
278 1419 371 1478 iuerat
389 1420 452 1478 illio
479 1423 628 1490 sacellum,
649 1422 784 1496 Serapidi
804 1428 895 1498 atqua
922 1423 973 1480 lsi·

106 1520 137 1580 di
157 1519 314 1594 antiquitus
333 1523 486 1576 sacratum.
527 1521 611 1578 Haeo
623 1521 660 1578 de
687 1521 802 1595 origine
815 1527 847 1578 et
870 1524 973 1580 adveu-

106 1615 140 1678 tu
154 1618 213 1677 Dei
233 1616 430 1676 celeberrima.
469 1618 537 1676 Neu
564 1635 627 1676 sum
653 1618 778 1692 ignum,
799 1637 867 1678 esse
894 1637 974 1696 quor·

107 1720 186 1786 dum,
204 1717 254 1792 qui
273 1715 439 1782 ‘Seleucia¹
463 1718 532 1774 urbe
560 1718 673 1790 Syriae,
691 1718 832 1786 auaitum,
853 1736 972 1793 regnan·

108 1821 157 1872 ‘te
172 1815 351 1883 Ptolemaeo,
370 1831 456 1888 quern
476 1815 561 1872 tertia
580 1820 660 1874 aetas
680 1814 772 1874 tulitz’
793 1816 847 1874 alii
862 1822 973 1876 ‘aueto-

108 1920 189 1972 ‘rem
207 1915 331 1970 eundern
357 1914 565 1980 Ptolemaeum,
588 1914 697 1982 sedem,
717 1932 756 1972 ex
777 1929 834 1989 qua
855 1914 971 1972 transie-
1045 1950 1046 2010 l

107 2011 174 2079 uit,
195 2009 365 2084 Memphim’
383 2011 544 2084 perhibent,
565 2011 708 2085 inclytam
727 2011 799 2070 olim
820 2018 852 2070 et
867 2012 972 2070 veteris
1045 2031 1046 2066 3

109 2110 242 2187 Aegypti
268 2111 412 2168 columen.
453 2111 550 2168 Deum
576 2111 670 2182 ipsum
696 2112 780 2168 multi
808 2111 972 2170 ‘Aescula-

108 2211 216 2286 ‘pium‚
245 2211 320 2284 quod
347 2210 496 2266 medealur
520 2209 614 2282 aegris
640 2210 807 2283 corporibus
818 2208 836 2280 ς’
856 2212 971 2286 quidam

109 2309 236 2378 ‘Osirim
256 2307 486 2382 antiquissimum
508 2307 567 2364 illis
586 2309 720 2382 gentibus
739 2309 887 2366 Numen?
915 2312 971 2382 ple·

109 2409 191 2484 rique
210 2407 339 2473 ‘lovena
359 2411 391 2462 ut
411 2423 504 2462 rerum
516 2406 645 2464 omnium
664 2405 842 2479 potentem?
860 2407 973 2480 plurimi

110 2507 231 2564 ‘Ditem
252 2511 370 2578 patrem,
389 2503 557 2578 insignibus,
577 2522 650 2578 quae
676 2503 787 2578 inipso
800 2506 972 2575 maniosa:

109 2610 159 2660 aut
179 2621 230 2677 per
248 2605 383 2676 ambages
409 2603 587 2660 coniectent.

59 2721 99 2778 35
151 2702 194 2760 At
225 2701 408 2760 Domitianus
434 2700 652 2773 Mucianusque,
677 2704 834 2776 autequam
849 2701 970 2775 Alpibus

110 2799 343 2875 propinquarent,
374 2815 522 2870 prosperos
546 2815 639 2856 rerum
659 2797 691 2856 iu
712 2798 854 2856 Treveris
880 2806 971 2872 gestu·

111 2915 174 2956 rum
201 2896 317 2954 nuutios
342 2913 492 2969 accepere.
543 2896 703 2968 Praecipua
723 2895 866 2952 victoriae
892 2898 971 2966 tides,

113 2998 185 3055 Dux
205 2995 329 3052 hostiurn
352 2995 538 3060 Valentinus,
568 3010 747 3068 nequaquam
774 2994 891 3052 abieoto
913 2995 971 3052 aui·

113 3113 172 3163 mo,
190 3111 260 3170 quos
280 3091 395 3166 spiritus
415 3093 559 3166 gessisset,
585 3095 666 3166 vultu
685 3091 804 3150 terebat.
848 3091 970 3150 Auditus

112 3195 181 3252 ideo
204 3197 325 3256 tautum,
345 3195 376 3246 ut
403 3195 568 3246 nosceretur
594 3188 742 3264 ingenium
761 3188 833 3254 eius,
859 3191 971 3251 damua-

113 3294 225 3359 tueque,
244 3286 320 3340 inter
339 3284 431 3354 ipsum
452 3285 633 3355 supplicium,
652 3284 838 3358 exprobranti
859 3285 968 3344 auidam

112 3382 254 3454 ‘patriam
268 3379 330 3436 eius
353 3383 477 3452 nuptam,
498 3380 631 3452 accipere
652 3399 683 3439 se
704 3383 838 3441 aulalium
858 3381 968 3454 mortis,⁸
