2114 3830
124 222 253 274 tert.
336 222 406 270 ntra.
433 221 479 270 ιν.
530 221 608 268 oar.
635 197 803 267 ‹lu-46.
920 193 988 264 361

123 377 191 436 nuit
224 393 358 434 sermone
385 375 466 433 molli
497 380 526 432 et
553 381 698 449 tamquam
721 361 859 448 rogaret.¹
892 371 994 430 Patres

124 482 292 550 coeptatam
314 477 486 541 libertatem,
512 482 661 549 postquam
684 474 801 531 obviam
828 453 909 537 irim,
924 471 993 528 omi·

124 593 199 632 sere.
241 575 406 642 Mucianus,
438 593 475 632 ne
509 574 606 646 aperui
630 569 761 630 Senatus
794 571 942 636 iudicium,
963 577 993 626 et

122 674 241 730 eunetis
254 677 307 729 sub
323 675 440 730 Nerone
463 673 596 730 admissis
621 674 688 728 data
709 671 857 743 inpunitus
883 669 993 726 videre-

122 775 179 838 tur,
195 772 353 828 Octavium
368 771 511 844 Sagittam
526 778 555 828 et
577 771 737 828 Antistium
762 769 925 834 Sosianum,
942 769 993 824 Se·

123 872 233 928 natorii
255 851 377 936 ordinis,
405 889 534 944 egressos
558 869 702 936 exsilium,
729 869 760 926 in
781 869 898 924 easdem
918 867 993 923 insu·

122 971 168 1027 las
194 970 315 1043 redegit.
358 968 500 1027 Octavius
529 969 664 1026 Pontiam
689 969 876 1031 Postumiam,
896 971 993 1037 stupro

64 1101 68 1106 ·
113 1067 274 1142 segnium
288 1075 318 1124 et
342 1067 456 1140 nuptias
482 1084 548 1124 suus
570 1071 754 1133 abnuentem,
768 1067 902 1138 inpotens
917 1080 993 1120 amo

122 1165 165 1222 ris
191 1166 396 1236 interleoemt;
429 1167 568 1224 Sosianus
593 1166 736 1238 pravitate
759 1183 868 1221 morum
896 1162 992 1220 multis

122 1263 277 1321 exitiosus.
321 1266 418 1321 Ambo
447 1264 529 1338 gravi
552 1267 676 1321 Senatus
703 1267 836 1320 consulto
862 1259 994 1320 damnati

121 1362 268 1437 pulsique,
294 1363 426 1436 quamvis
446 1379 588 1420 concesso
614 1363 679 1418 aliis
707 1363 808 1428 reditu,
838 1362 868 1417 in
890 1362 993 1417 eadem

120 1479 221 1536 poena
246 1461 351 1518 retenti
374 1465 449 1518 sunt.
502 1463 569 1518 Neo
582 1463 651 1518 ideo
673 1461 765 1518 lenita
788 1476 856 1532 erge
882 1459 993 1516 blucia-

121 1577 196 1618 num
220 1559 343 1616 invidia.
395 1559 509 1633 Quippe
535 1561 674 1617 Sosianus
701 1575 736 1615 ae
765 1559 879 1629 Sagitta
908 1556 991 1622 viles,

121 1658 216 1714 etiam
229 1657 254 1713 si
269 1663 499 1714 reverterentur:
521 1660 721 1716 adnusatorum
745 1655 863 1729 ingenia
878 1659 907 1711 et
920 1671 990 1727 opes

122 1760 155 1812 et
169 1755 301 1812 exercita
325 1757 408 1812 malis
423 1757 531 1814 artibus
554 1757 683 1830 potentia
708 1755 891 1814 timebantur.
934 1745 1041 1810 tte-45

120 1854 295 1912 conciliavit
310 1855 465 1928 paullisper
478 1856 571 1912 studia
587 1857 703 1913 Patrum
719 1853 817 1912 habita
832 1854 862 1910 in
879 1855 989 1910 Senatu

120 1953 253 2027 ooguitio
263 1955 421 2010 secundum
434 1961 563 2012 veterem
575 1973 692 2012 morem.
735 1953 863 2012 Manlius
879 1952 988 2010 Patrui-

121 2059 181 2120 tus,
196 2053 327 2132 Senator,
342 2055 504 2126 ‘pulsatum
526 2071 557 2110 se
571 2053 601 2110 in
626 2044 741 2112 colonia
763 2053 888 2112 Senensi
902 2055 989 2109 coetu

121 2150 338 2208 ‘multitudinis
362 2160 391 2208 et
419 2152 497 2210 iussu
535 2149 773 2226 Ma·gislratuum,'
800 2153 987 2225 querebatur:

120 2257 202 2308 ‘nee
225 2251 313 2307 linem
336 2249 460 2307 iniuriae
487 2251 535 2308 bio
563 2247 696 2308 sielisse:
718 2253 866 2324 planetum
893 2253 923 2304 et
950 2249 989 2302 la·

121 2353 243 2406 ‘menta
256 2355 287 2405 et
300 2367 494 2421 supremorum
515 2338 672 2424 imaginem
696 2345 841 2420 praesenti
866 2345 922 2402 sibi
936 2343 989 2400 cir·

124 2447 289 2504 ‘oumdata
302 2463 368 2504 oum
383 2447 568 2504 coutumeliis
591 2453 620 2504 et
640 2445 760 2520 probris,
784 2461 856 2518 quae
882 2443 912 2500 iu
939 2443 990 2498 Se·

120 2549 243 2601 ‘nalum
257 2545 424 2602 universum
452 2544 634 2602 iacerentur?
683 2543 802 2609 Vocati,
829 2542 878 2616 qui
892 2557 989 2614 argue·

121 2645 238 2701 bantur.
278 2643 327 2709 Et,
354 2644 472 2716 cognita
494 2661 605 2710 caussa,
628 2643 659 2702 in
683 2643 837 2700 convictos
861 2639 989 2697 vindiea-

122 2747 196 2800 tum.
238 2741 436 2815 Additamque
446 2743 506 2800 SC.
517 2759 574 2816 quo
586 2741 759 2799 Senensium
770 2743 869 2812 plebes
879 2739 989 2795 modes·
1050 2733 1054 2806 f

122 2840 183 2898 liae
204 2841 415 2896 admoneretur.
465 2840 572 2898 lisdem
584 2842 685 2897 diebus
697 2840 843 2898 Antonius
856 2840 990 2898 Flamma

124 2937 343 3012 Cyrenensibus
368 2939 522 2994 damnatur
540 2941 604 3011 lege
629 2939 857 3010 repetundarum,
881 2943 911 2994 et
939 2954 989 2993 ex·

121 3036 191 3095 silio
203 3039 241 3093 ob
254 3035 419 3093 saevitiam.
460 3037 540 3093 Inter
550 3055 623 3110 quae
635 3035 766 3093 militaris
780 3038 885 3094 seditio
900 3054 987 3110 prope

122 3133 241 3195 exarsit.
276 3134 491 3192 Praetorlanam
506 3134 638 3192 militiam
651 3137 818 3208 repetebant
832 3153 849 3190 e
864 3133 987 3190 Vitellio
999 3133 1039 3186 46

123 3232 245 3300 dimissi,
270 3251 320 3306 pro
342 3233 527 3307 Vespasiano
547 3235 733 3310 congregati:
760 3242 790 3292 et
808 3237 933 3292 inlectus
955 3233 986 3290 in

151 3404 273 3475 Pulsaturn
282 3387 338 3452 reiis
348 3405 440 3466 colonia]
471 3405 562 3453 Grande
571 3406 649 3476 priscis
665 3407 709 3453 illis
724 3408 820 3456 moribus
830 3409 918 3456 erinreu.
935 3427 987 3460 naua

122 3477 163 3510 nee
172 3477 272 3509 couvrcro
283 3467 413 3512 senatorem
428 3477 547 3524 aspergere
561 3465 645 3510 lresbat
654 3465 750 3525 impune.

162 3561 230 3602 von.
251 3562 287 3602 ιι.
563 3547 597 3601 31
615 3541 654 3578 *’·
