2100 3834
95 199 170 272 att
398 216 649 272 nrsnoaranvu
775 272 782 280 ,
818 221 897 275 av.
913 229 969 276 aaa.

97 377 228 453 ternique
242 374 317 436 lanis
330 375 582 450 obstupeleoerant
601 380 741 436 obsessos.
764 383 794 436 et
814 398 969 455 spemop·

96 476 285 552 pugnantium
308 479 430 550 augebat
454 477 613 548 amplitudo
638 478 719 546 valli,
739 480 828 558 quod,
847 483 965 538 duabus

96 575 258 650 legionibus
272 575 367 640 silum,
383 575 432 632 vix
448 575 677 650 quinquemillia
698 583 871 634 armatorum
901 585 965 635 tue·

96 675 209 732 bantm.
252 676 311 732 Sed
332 675 455 731 lixarum
479 673 641 740 mullitudo,
662 677 776 732 turbata
796 692 868 748 paee
890 676 965 734 illue

44 769 88 830 23
97 779 281 846 congregata,
295 779 324 830 et
347 774 424 830 bello
448 771 579 829 ministra
605 773 714 829 aderat.
755 773 827 830 Pars
853 780 962 832 oestro-

98 871 213 936 eumin
228 873 334 929 collem
350 870 454 928 leniter
466 888 640 942 exsurgens3
662 888 727 944 pars
747 888 842 946 aequo
863 872 963 929 adiba-

98 975 152 1028 lur.
166 970 282 1045 quippe,
296 969 354 1027 illis
369 969 495 1026 hibernis
509 969 634 1025 obsideri
648 970 796 1043 premique
808 971 960 1027 Germani·

97 1087 138 1134 as,
157 1073 301 1142 Augustus
321 1068 500 1126 crediderat:
522 1085 615 1142 neque
630 1085 753 1141 unquam
768 1068 797 1124 id
813 1072 960 1136 malornm¹

97 1175 129 1226 nt
156 1173 350 1240 oppugnatum
388 1169 461 1222 ultro
497 1167 626 1240 legiones
667 1173 779 1222 nostras
816 1168 958 1224 venirent.

97 1267 170 1324 Inde
186 1283 242 1321 non
259 1267 335 1329 loeo,
350 1282 441 1338 neque
456 1264 641 1321 munimentis
655 1266 736 1320 labor
758 1265 892 1321 additus:
914 1266 958 1321 vis

97 1371 219 1422 etarma
241 1363 312 1420 satis
339 1365 499 1434 palacebanl.
540 1363 648 1418 Batavi
674 1343 962 1437 Transrhenanique,

96 1481 153 1539 quo
166 1463 290 1519 discreta
306 1461 395 1517 virtus
410 1461 586 1517 manifestius
601 1468 789 1532 spectaretur,
804 1462 860 1516 sibi
875 1479 958 1535 quae·

30 1573 35 1580 '
97 1582 152 1639 que
173 1580 244 1637 gens
257 1560 429 1624 consistunt,
443 1559 556 1615 eminus
581 1561 768 1640 lanessentes.
811 1560 891 1625 Post,
912 1557 959 1615 ubi
1043 1615 1044 1640 q

97 1665 232 1737 pleraque
247 1662 366 1715 telorum
381 1658 501 1712 turribus
525 1657 676 1731 pinnisque
702 1656 849 1713 moenium
874 1658 965 1714 inrita*

97 1762 264 1819 haerebant.
278 1765 307 1814 et
328 1758 449 1827 desuper
475 1755 553 1811 saxis
576 1757 809 1822 vulnerabantur,
834 1757 959 1812 elamore

98 1865 183 1930 atque
219 1855 318 1926 inpetu
347 1856 480 1912 invasere
509 1855 627 1916 vallum.
661 1854 800 1927 adpositis
833 1856 961 1928 plerique

97 1955 191 2018 scalis,
212 1954 262 2010 alii
291 1973 341 2026 per
368 1952 542 2010 testudinem
567 1968 691 2007 suorum.
718 1952 964 2026 *scandebantque-

97 2054 155 2112 iam
170 2054 295 2127 quidam,
308 2069 383 2114 curn,
397 2050 500 2125 gladiis
520 2056 549 2106 et
574 2067 716 2106 armorum
739 2051 856 2107 incussu
880 2069 957 2123 prae·

97 2153 220 2226 cipitati,
234 2153 350 2207 sudibus
364 2155 394 2206 et
409 2150 475 2222 pilis
488 2152 651 2212 obruuntur,
666 2149 847 2222 praelerooes
875 2149 967 2222 initio·

98 2257 129 2309 et
143 2253 225 2308 rebus
238 2249 372 2307 secundis
388 2247 478 2305 nimii.
520 2247 578 2303 Sed
600 2256 658 2304 turn
676 2249 800 2319 praedae
820 2247 956 2321 cupidine
1042 2239 1043 2316 i

98 2352 221 2409 adversa
250 2366 361 2422 quoque
389 2346 560 2403 tolerabant.
601 2345 757 2402 Machinas
785 2345 885 2412 eliam
918 2347 958 2402 in·

97 2453 212 2510 solitum
230 2448 295 2515 sibi,
319 2447 389 2504 ausi.
412 2463 466 2503 neo
490 2449 548 2502 ulla
572 2445 641 2518 ipsis
666 2443 801 2501 solertia:
823 2444 968 2517 perfugae·

97 2551 263 2623 captivique
277 2548 419 2604 docebant
430 2552 539 2602 struere
554 2542 687 2600 materias
700 2543 731 2600 in
753 2544 870 2600 modum
892 2560 959 2615 pou·

99 2649 152 2716 lis3
174 2667 239 2705 mox
254 2645 392 2702 subiectis
407 2644 475 2700 rotis
491 2645 665 2715 propellere:
687 2649 719 2698 ut
732 2641 782 2698 alii
796 2649 959 2713 superstan-

6 2723 8 2754 ἡ
98 2754 151 2811 les,
177 2755 320 2818 tamquam
344 2763 381 2801 ex
409 2761 520 2817 aggere,
546 2741 770 2814 proeliarentur3
803 2740 959 2812 parsintus

72 2905 77 2911 ,
98 2846 206 2905 occulti
222 2861 315 2901 muros
329 2845 504 2899 subruerent.
548 2841 605 2896 Sed
620 2857 743 2897 excussa
758 2838 870 2894 balistis
890 2854 961 2894 saxa

98 2951 227 3004 stravere
242 2943 362 2998 informe
376 2959 465 3012 opus:
486 2944 515 2996 el
536 2947 629 2998 orales
652 2938 811 3012 vineasque
835 2938 961 3010 paranti·

99 3045 151 3101 bus
166 3043 286 3098 adactae
303 3039 452 3096 tormentis
474 3040 607 3094 ardentes
621 3037 736 3092 bastae:
759 3038 892 3110 ultroque
906 3034 961 3108 ipsi

99 3147 309 3214 oppugnatores
329 3138 442 3208 ignibus
467 3139 654 3207 petebantur;
675 3136 779 3201 donee,
804 3135 958 3208 desperata

98 3239 140 3302 vi,
155 3241 300 3291 verterent
312 3231 465 3287 eonsilium
481 3235 516 3289 ad
531 3250 633 3296 moras,
655 3232 731 3288 baud
746 3231 841 3305 ignari
857 3249 960 3304 prauoo
1041 3269 1042 3316 3

98 3351 159 3390 rum
173 3333 283 3386 dierum
297 3329 392 3382 inesse
403 3328 540 3384 alimenta
552 3339 580 3384 et
590 3332 711 3386 multum
720 3329 839 3386 inbellis
851 3331 959 3386 turbae.

98 3429 190 3498 Simul
206 3443 242 3479 ex
259 3421 357 3490 inopia
371 3423 502 3491 proditio,
524 3432 554 3478 et
577 3426 654 3483 fluxa
679 3427 864 3484 servitiorum
880 3429 961 3498 fides,

152 3519 261 3575 'artnita
275 3516 342 3572 belli
363 3520 558 3587 sperabantur.
599 3523 728 3582 Flaooua
747 3524 876 3593 interim,
893 3543 960 3602 ong-
