2158 3820
124 205 155 252 s.
170 203 199 250 c.
214 207 253 253 aa.
418 205 496 253 Lm.
524 205 598 255 xiv.
650 205 727 254 car.
757 189 790 254 l.
984 189 1007 254 3

126 357 170 408 00.
190 353 275 416 Naro,
294 357 369 410 ducta
388 357 529 425 Poppaea.
553 357 690 412 Octaviam
706 359 843 413 amolitur.
864 364 922 412 lum
938 359 1007 412 lana

162 454 274 509 narem,
287 450 330 499 oi.
350 449 462 500 laetam
483 447 598 515 Populo.
634 449 773 516 Poppaeae
790 465 853 504 mac
870 450 951 502 aanor
963 463 1005 500 rr·

160 538 274 604 posltur.
295 538 350 590 cias
370 539 434 590 doli.
472 540 583 590 62-64,
602 536 710 591 Aniceti
733 540 824 592 rackrr
845 537 955 591 Ortacia
975 538 1005 590 in

164 628 278 680 exilium
288 629 367 694 pulsa
378 633 488 680 necatur
505 628 535 679 in
552 627 723 681 Pandateria.
763 627 926 696 Tempannn
937 627 1005 696 infi-

163 717 260 769 licitaa.
298 720 340 768 65.
359 716 481 770 Hieram
500 717 692 788 Doryphorum
704 725 727 771 et
746 717 897 770 Pallantem
908 731 1004 770 arnano

163 810 232 860 tollit
242 807 326 862 Nero.
363 808 461 861 Seneca
473 809 616 862 incusatur.
653 809 720 863 Piso
734 807 839 861 Neroni
851 807 1002 861 insidiatur.

166 898 246 951 Gesta
257 901 319 951 iaec
331 899 410 952 arinis
422 899 529 952 circiter
541 905 670 966 quattuor.

200 1027 227 1062 G.
242 1025 389 1062 vlrsmlttt.
416 1025 441 1060 0.
459 1025 581 1062 FONTEM)
592 1026 743 1063 cimona.

200 1116 263 1152 lMP·
278 1116 401 1152 ERRORE·
416 1117 454 1152 lv.
479 1115 556 1152 00880
568 1116 707 1153 connecto
721 1115 861 1154 aetrno.

197 1206 223 1241 0.
237 1199 372 1242 ciesoltlo
384 1206 485 1242 astra.
512 1207 537 1242 0.
551 1205 693 1242 PETRONIO
706 1205 883 1244 avaritiam

199 1297 227 1332 P.
241 1295 333 1332 alento
346 1295 438 1332 (illlam.
462 1295 490 1332 Ia·
506 1295 596 1332 asmo
609 1295 709 1334 GALLO·
723 1295 792 1333 0080.

129 1415 223 1492 Caro
244 1431 402 1503 Vipstano,
428 1431 556 1488 Fonteio
578 1448 657 1487 coss.
680 1431 728 1488 ‹liu
751 1431 919 1488 meditatum
940 1429 1029 1488 scel

127 1541 172 1596 lus
188 1557 248 1596 non
262 1541 339 1595 ultra
353 1541 433 1596 Nero
453 1539 574 1608 distulit,
595 1545 739 1598 vetustate
755 1539 868 1612 imperii
893 1537 1003 1596 coalita

125 1639 259 1705 audacia,
274 1645 304 1694 et
318 1639 483 1713 flagrantior
497 1641 528 1696 in
541 1640 604 1696 dies
618 1657 715 1698 amore
739 1639 904 1713 Poppaeae,
924 1655 999 1714 quaa

129 1739 186 1796 sibi
209 1739 424 1796 matrimonium
448 1745 479 1796 et
505 1739 659 1796 discidium
684 1738 839 1804 Octaviae,
860 1736 1000 1795 ineolumi

129 1838 302 1912 Agrippina,
332 1840 407 1896 haud
435 1857 563 1911 sperans,
597 1839 706 1896 crebris
739 1836 999 1906 criminationibus,

128 1939 287 2012 aliquando
301 1956 351 2010 per
364 1938 484 1995 facetias
500 1938 633 1996 incusare
650 1937 825 2010 Principem,
846 1941 876 1994 el
892 1936 1000 2010 ‘pupil-

129 2036 219 2094 ‘lum’
241 2055 358 2104 vocare,
373 2037 437 2110 ‘qui
451 2037 536 2094 iussis
551 2037 655 2094 alienis
670 2037 824 2100 obnoxius,
841 2055 898 2094 non
915 2037 1000 2093 morlo

128 2137 279 2208 ‘Imperii
304 2137 355 2192 sed
371 2136 516 2192 libertatis
542 2135 630 2192 etiam
654 2135 804 2208 indigeret.
844 2136 1000 2194 *Curenim

129 2235 258 2292 ‘differri
282 2236 397 2307 nuptias
412 2231 500 2292 suasi
520 2235 640 2292 formam
660 2235 774 2290 scilicet
795 2234 949 2306 displicere
970 2241 1000 2290 et

127 2334 335 2406 ‘triumphales
357 2331 452 2391 avos?
482 2352 520 2390 an
544 2333 752 2390 leeunrlitatem
774 2339 803 2390 et
819 2351 919 2389 verum
939 2333 999 2390 ani·

129 2439 225 2490 ‘mum
241 2431 253 2490 ?
275 2434 379 2499 timeri,
394 2451 431 2490 ne
446 2450 519 2490 uxor
531 2435 635 2490 saltem
650 2432 770 2490 iniurias
786 2433 912 2498 Patrum,
927 2432 998 2490 iram

129 2533 248 2605 ‘populi
283 2533 422 2588 adversus
449 2532 612 2604 superbiam
647 2532 857 2606 avaritiamque
891 2534 999 2602 matris,

128 2632 268 2704 ‘aperiat
312 2631 396 2704 Quod
420 2631 445 2688 si
468 2649 569 2688 nurum
594 2632 758 2704 Agrippina
779 2649 835 2688 non
863 2632 917 2692 nisi
939 2633 999 2690 lilio

128 2729 284 2786 ‘infestam
298 2729 370 2786 ierre
384 2731 483 2804 possit,
498 2732 632 2787 reddatur
641 2731 841 2804 ipsaOthonis
852 2731 998 2806 coniugio.

128 2830 250 2886 ‘ituram
265 2846 377 2902 quoquo
392 2836 539 2896 terrarum,
554 2829 603 2886 ubi
617 2829 728 2888 audiret
743 2831 836 2902 potius
850 2839 998 2888 contume-

127 2928 203 2985 ‘liaa
219 2929 416 3000 lmperatoris,
430 2947 515 3003 quam
532 2929 647 2998 viseret,
669 2929 805 3002 periculis
818 2930 879 2987 eiua
895 2931 999 2988 inmix-

127 3025 195 3084 ‘ta’
250 3027 333 3084 llaec
353 3033 439 3102 atque
461 3029 541 3092 talia,
567 3029 692 3086 lacrimis
719 3034 750 3084 et
770 3036 831 3086 arte
851 3032 999 3086 adulterae

117 3126 322 3200 penetrantia,
344 3143 430 3182 nemo
452 3126 643 3198 prohibebam
674 3125 859 3199 cupientibus
884 3129 998 3186 cunctis

157 3279 317 3336 triumphato
335 3281 394 3351 aaut]
431 3279 506 3327 Vnum
526 3287 621 3336 lantum,
643 3281 772 3348 Poppaeam
791 3281 904 3326 Sabinum.
937 3281 998 3334 Lipr.

126 3339 243 3392 Parentes,
255 3339 346 3392 liberos,
363 3341 425 3392 lilios,
442 3345 465 3383 et
481 3339 561 3383 similia
577 3342 601 3384 in
630 3339 698 3383 lrrrali
713 3338 765 3390 ilici,
781 3339 849 3380 etiam
860 3351 909 3381 cum
919 3337 947 3379 cle
958 3349 1002 3380 uno

126 3413 200 3445 wrmo
210 3407 251 3444 est.
264 3397 332 3442 hodie
342 3399 487 3443 notissimum.
520 3396 580 3442 Ern.
660 3397 765 3454 Poppaeo
776 3394 816 3438 lV.
828 3395 864 3436 39.

160 3475 254 3524 oldonis
264 3477 377 3537 coniugia]
409 3475 470 3521 Vide
479 3475 547 3523 xlii.
558 3477 594 3529 ts,
605 3477 639 3526 46,
