2090 3838
11 207 12 222 ,
99 168 172 234 240
391 185 645 232 nrsronranvnr
826 189 857 233 a.
871 184 901 232 v.
917 179 972 232 aas.

99 357 245 414 praeseus,
272 353 340 396 mox
374 339 534 412 perniciem
572 339 643 412 ipsis
671 338 777 395 secere.
834 339 969 396 Aderant

11 439 16 452 '
99 439 213 494 Valens
237 443 267 494 et
292 437 431 503 Caecina,
459 430 713 511 monstrabantque
729 454 842 510 pugnae
870 425 968 493 locos:

100 537 188 594 ‘hinc
202 535 343 610 inrupisse
360 536 504 608 legionum
530 553 644 609 agmen,
669 536 739 592 binc
761 535 874 609 equites
888 551 968 590 coor-

102 640 182 692 ‘tosz
213 635 282 693 inde
308 634 495 690 circumfusas
523 635 699 691 auxiliorum
723 631 844 690 manus?
905 634 968 690 lam

102 734 227 792 Tribuni
245 732 452 806 Praelectique,
465 750 516 788 sua
540 733 658 806 quisque
673 732 749 788 lacta
773 733 968 799 extollentem

101 833 183 896 laisa,
215 849 294 897 vera,
321 837 370 888 aut
398 830 507 887 maiora
536 849 617 897 vero,
644 831 815 887 miscebant.
857 830 970 902 Vulgus
1032 851 1033 858 ¹

101 948 213 1004 qaoque
229 929 360 995 militum,
387 931 514 986 clamore
541 935 570 984 et
594 928 713 1002 gaudio,
740 929 897 985 deflectere
912 928 969 994 ria,
1032 915 1033 922 ἵ

101 1029 195 1101 spatia
208 1029 399 1085 certaminum
425 1045 642 1101 recognoscere,
656 1045 792 1101 aggerem
819 1044 968 1096 armorum,

102 1105 194 1184 strues
222 1144 372 1199 corporum
400 1127 515 1191 intueri,
546 1127 651 1184 mirari.
714 1127 754 1184 Et
782 1133 876 1192 erant,
902 1122 967 1200 quos

104 1227 185 1283 saria
206 1226 262 1283 l'ors
285 1245 388 1290 rernm,
413 1228 608 1300 lacrimaeque
626 1233 655 1283 et
677 1227 875 1284 misericordia
896 1225 967 1282 subi·

61 1353 65 1363 ·
103 1333 156 1385 rel.
177 1333 207 1384 at
232 1345 289 1384 non
315 1327 454 1382 Vitellius
483 1327 564 1383 flexit
592 1327 701 1396 oculos,
728 1344 784 1383 nec
810 1332 853 1383 tot
880 1326 967 1382 millia

104 1426 313 1499 insepultorum
346 1425 457 1482 civium
490 1426 648 1482 exhorruit.
690 1428 783 1482 laetus
818 1428 901 1493 ultro,
938 1429 967 1481 et

35 1519 39 1526 ⁸
65 1566 71 1609 ὅ
106 1531 166 1582 tarn
194 1526 369 1599 propinquae
396 1525 481 1580 sortis
505 1524 630 1598 ignarus,
658 1524 836 1581 instaurabat
858 1541 967 1581 sacrum

53 1613 90 1709 731
107 1623 173 1681 Diis
188 1625 255 1682 loci.
295 1624 373 1680 Exin
389 1623 572 1678 Bononiaea
597 1623 691 1679 Fabio
713 1623 843 1679 Valente
864 1623 968 1697 gladia-

63 1712 70 1748 ²
106 1728 197 1780 torum
219 1723 416 1793 spectaculum
440 1722 543 1787 editur,
571 1723 698 1778 aslvecto
721 1740 758 1778 ex
786 1724 857 1778 urbe
884 1723 968 1778 cultu.

107 1821 280 1892 Quantoque
314 1819 406 1892 magis
440 1819 658 1892 propinquabat,
693 1825 776 1877 tanto
805 1820 968 1893 conruptius

103 1918 169 1982 iter,
183 1917 314 1973 inmixtis
342 1917 528 1973 histrionibus
543 1925 572 1974 et
587 1920 746 1990 spadonum
771 1921 917 1992 gregibus,
942 1922 970 1974 et

105 2022 203 2073 cetero
219 2016 404 2072 Neronianae
425 2018 509 2072 aulae
533 2015 661 2096 ingenio.
685 2035 809 2092 namque
831 2025 861 2074 et
883 2019 970 2074 Nero·
1033 2037 1034 2068 t

106 2131 173 2174 nem
188 2115 280 2188 ipsum
295 2114 434 2184 Vitellius
456 2115 647 2171 admiratione
667 2119 846 2182 celebrabat,
867 2115 968 2172 sectari
1033 2145 1034 2202 q

24 2197 27 2206 ’
106 2219 275 2272 cantantem
297 2213 407 2280 solitos,
431 2230 489 2268 non
514 2215 699 2281 necessitate,
727 2233 782 2289 qna
810 2214 973 2273 honestissi-

108 2332 172 2372 mus
193 2311 321 2388 quisque,
334 2315 385 2369 sed
401 2316 480 2380 luxu,
495 2320 526 2370 et
552 2315 674 2388 saginae
695 2315 877 2389 mancipatus
899 2333 972 2388 emp
1033 2317 1034 2328 ¹

110 2417 219 2488 tueque.
280 2413 322 2468 Vt
347 2412 469 2469 Valenti
494 2419 524 2469 et
552 2414 701 2470 Caecinae
726 2433 836 2496 vacuos
859 2415 973 2472 bonoris
1033 2475 1034 2492 χ

110 2529 225 2569 menses
252 2511 385 2581 aperiret,
409 2511 531 2568 coartati
559 2513 679 2569 aliorum
709 2515 894 2580 Consulatus,
919 2514 973 2570 dis
1033 2495 1034 2544 5

112 2609 262 2666 simulatus
277 2609 377 2666 Martii
392 2609 494 2680 Macri,
510 2618 657 2684 tamquam
670 2612 899 2671 Othonianarum
914 2630 974 2685 par·
1033 2623 1034 2630 ’

112 2708 183 2764 tium
209 2697 319 2764 Docis':
341 2714 372 2764 et
399 2709 549 2766 Valerium
573 2710 729 2774 Marinum,
756 2712 934 2769 destinatum
959 2727 975 2768 a

113 2805 208 2863 Galba
237 2806 403 2873 Consulem,
416 2807 537 2874 distulit,
558 2810 638 2864 nulla
651 2809 769 2875 offensa,
797 2811 848 2866 sed
877 2796 975 2866 mitem

113 2909 141 2960 et
180 2902 315 2960 iniuriam
349 2906 477 2979 segniter
510 2908 643 2963 laturum.
704 2906 851 2964 Pedanius
888 2909 976 2965 Costa

113 3003 264 3070 omittitur,
290 3001 419 3078 ingratus
447 3005 585 3076 Principi,
611 3011 642 3062 ut
665 3005 804 3062 adversus
830 3007 976 3064 Neronem

113 3121 208 3165 ausus,
234 3108 264 3157 el
284 3102 419 3176 Verginii
447 3103 665 3160 exstimulator:
687 3105 737 3160 sed
766 3104 840 3161 alias
861 3105 976 3178 protulit

113 3215 239 3256 caussas.
260 3204 399 3272 actaeque
426 3200 543 3270 insuper
567 3199 693 3258 Vitellio
719 3203 839 3275 gratiae,
859 3220 976 3260 consue·

62 3295 348 3358 72tudineservitii.
385 3297 452 3352 Non
477 3300 550 3354 ultra
578 3317 684 3370 paucos
708 3299 779 3368 dies,
806 3319 975 3376 quamquam

115 3394 228 3454 acribus
242 3392 333 3452 initiis
355 3399 499 3469 coeptum,
527 3397 711 3456 mendacium
739 3399 841 3456 valuit.
882 3399 978 3458 Exsti-
