2158 3820
84 195 132 260 30
241 207 271 265 .‘
412 216 597 266 snnsurvnr
810 215 961 264 s.·v.a1⁵·.

4 351 5 392 ss
84 367 199 425 mettius
211 369 320 424 rotata:
340 369 532 443 detentusque
545 372 630 426 rebus
639 369 775 443 gerundis
788 370 966 438 Suetonius,

85 470 161 541 quod
185 475 249 538 post
271 485 377 539 paucas
400 485 492 524 naves
505 468 536 524 in
552 467 636 524 titore
651 468 858 542 remigiumque
874 469 964 525 iniis

86 565 230 631 amiserat,
252 572 396 640 tamquam
419 568 540 624 durante
564 568 651 634 betto,
673 565 782 623 tradere
808 565 964 624 sumntum

86 639 219 722 ¹Petronio
234 663 411 740 Turpiliano,
425 667 473 740 qui
487 667 546 723 iam
561 667 721 740 Consulatu
736 667 856 733 abierat,
876 667 964 724 iube·

22 813 25 821 .
87 769 139 821 tur.
171 765 200 821 la
212 782 270 821 non
285 765 402 821 inritato
416 765 508 831 hoste,
522 781 616 839 neque
630 765 792 835 lacessitus,
804 767 965 824 honestum
989 843 992 847 Ι

88 863 169 936 pacis
184 881 289 920 nomen
303 863 387 936 segni
400 863 461 919 otio
471 863 610 936 inposuit.

35 965 77 1023 40
127 961 238 1018 Eodem
262 978 340 1018 anno
363 961 473 1018 Romae
493 961 619 1034 insignia
633 965 753 1029 scelera,
768 965 890 1019 atterum
905 963 964 1019 Se·

89 1059 206 1129 catoris,
219 1059 320 1116 serviti
334 1063 455 1117 atterum
480 1060 611 1128 audacia,
633 1061 758 1118 admissa
779 1068 855 1118 sunt.
897 1063 965 1118 Do·

90 1159 187 1216 mitius
208 1159 316 1214 Balbus
340 1165 401 1215 erat
414 1159 596 1226 Praetorius,
617 1159 702 1217 simut
725 1163 812 1234 ionga
828 1166 965 1229 senecta,

90 1257 175 1314 simut
188 1257 312 1314 orbitate
326 1263 356 1314 et
376 1257 499 1330 pecnnia
523 1257 638 1315 insidiis
666 1259 818 1315 obnoxius.
841 1259 870 1314 ei
897 1275 968 1331 pro-

90 1356 212 1429 pinquus
224 1357 360 1413 Valerius
371 1357 529 1423 Fabianus,
540 1358 728 1429 capessendis
740 1358 899 1415 honoribus
911 1359 966 1414 de·

90 1455 222 1520 stinctae,
236 1455 363 1512 subdidit
390 1462 604 1522 testamentum,
625 1456 744 1512 adscitis
765 1455 888 1512 Vinicio
901 1457 966 1512 Ru-

92 1555 160 1620 fino,
174 1561 204 1610 et
219 1555 362 1610 'Ferentio
383 1555 521 1620 Lentino,
544 1553 698 1629 Equitibus
718 1555 869 1610 Romanis.
910 1555 967 1612 ttti

94 1633 258 1710 Antonium
280 1654 407 1710 PrImum
421 1657 451 1709 et
475 1653 611 1711 Asinium
634 1653 808 1710 Marcellum
830 1653 968 1710 sociave-

93 1757 165 1808 rant.
208 1753 355 1809 Antonius
382 1752 503 1810 audacia
527 1758 691 1826 promptus:
714 1752 872 1808 Marcellus
896 1751 969 1809 Asi-

64 1873 65 1876 *
93 1849 144 1908 nio
168 1851 302 1906 Pottioue
324 1868 434 1922 proavo
448 1853 552 1918 clarus,
575 1869 668 1924 neque
691 1867 801 1907 morum
825 1867 968 1922 spernen-

18 1967 43 2026 ξ.
94 1951 147 2006 dur
172 1950 342 2016 habebatur,
370 1950 425 2006 nisi
450 1952 526 2024 quod
554 1955 754 2022 paupertatem
778 1949 972 2022 praecipuum

95 2050 234 2106 matorum
256 2049 402 2104 credebat.
444 2049 536 2122 Igitur
550 2049 698 2106 Fabianus
710 2051 821 2104 tabutas
833 2047 877 2114 iis,
892 2065 969 2121 quos

95 2145 265 2212 memoravi,
278 2154 308 2203 et
323 2146 388 2202 aliis
409 2146 504 2203 minos
524 2147 700 2217 iniustribus,
721 2147 865 2220 obsignat.
887 2147 970 2220 quod

95 2246 170 2318 apud
192 2245 292 2301 Patres
312 2245 500 2302 convictum:
521 2250 551 2303 et
579 2245 728 2302 Fabianus
753 2244 969 2318 Antoniusque,

95 2363 167 2402 cum
184 2346 290 2402 Rufino
307 2349 337 2400 et
358 2343 511 2410 Terentio,
533 2345 597 2417 lege
619 2344 759 2401 Cornelia
780 2345 968 2400 damnantur.

97 2444 269 2501 Marcettnm
290 2443 429 2499 memoria
455 2442 603 2508 maiorum,
624 2447 654 2498 et
684 2459 785 2515 preces
818 2441 969 2510 Caesaris,

45 2553 81 2610 4]
97 2559 209 2615 poenae
224 2540 325 2614 magis,
346 2557 429 2614 quam
443 2539 581 2596 infamiae
608 2531 754 2596 exemere.
794 2540 926 2598 Perculit
939 2541 971 2600 is

97 2640 159 2696 dies
174 2638 343 2710 Pompeium
358 2656 468 2711 quoque
485 2638 651 2704 Aelianum,
665 2638 803 2696 iuvenem
825 2641 972 2711 Quaesto-

98 2739 180 2803 rium‚
203 2743 347 2809 tamquam
368 2737 540 2809 flagitiorum
569 2737 696 2796 Fabiani
707 2755 858 2810 gnarum:
880 2737 970 2812 eique

99 2838 185 2896 ltalia
200 2842 229 2892 et
244 2835 396 2907 Hispania,
410 2834 441 2889 in
456 2851 511 2907 qna
523 2841 601 2890 ortus
616 2841 686 2906 erat,
708 2836 896 2892 interdictum
910 2842 970 2896 est.

99 2921 167 2995 Pari
186 2931 347 3008 ignominia
377 2932 513 2988 Valerius
547 2932 688 2991 Ponticus
715 2933 856 3000 adiicitur,
889 2937 973 3009 quod

130 3087 183 3135 Nisi
201 3087 259 3146 qaod
276 3085 441 3143 Paupertatem]
472 3086 547 3138 Quam
562 3087 619 3132 haec
639 3087 705 3146 digna
722 3087 972 3148 scriptoreprudentis-
1073 3115 1074 3118 =

98 3149 169 3195 sirnot
190 3147 257 3200 Vere,
269 3148 423 3201 varssenaere,
442 3143 484 3204 Ep.
505 3145 580 3191 Xth.
613 3147 651 3192 ‘si
672 3146 705 3192 via
726 3161 806 3192 vacare
823 3147 907 3202 animo,
925 3153 972 3195 aut

98 3211 200 3268 ‘pauper
209 3205 237 3250 sis
246 3209 343 3264 oportet,
353 3209 391 3249 aut
401 3203 493 3264 pauperi
503 3203 599 3249 similia*
629 3205 691 3250 Brot.

128 3283 187 3342 Lege
204 3281 308 3328 Cornelia
325 3281 471 3350 damnantur]
510 3281 536 3326 ld
555 3284 596 3334 est,
611 3283 690 3328 ordine
708 3282 828 3336 Senatorio,
841 3288 972 3331 moventur.

100 3343 167 3398 Nam,
186 3341 286 3401 quamvis
306 3340 359 3398 togis
378 3339 497 3384 Corneliae
513 3339 627 3384 ordinaria
649 3355 720 3401 poena
740 3342 868 3402 deportatio
885 3342 923 3396 sit,
945 3349 973 3389 et

100 3401 206 3446 bonorum
217 3398 351 3459 publicatio:
370 3403 445 3442 tamen
463 3397 485 3442 iu
503 3397 666 3448 honestioribus
680 3400 792 3449 ettbmotio
805 3399 978 3451 campaninis

101 3460 199 3508 admissa
207 3462 250 3505 est.
282 3455 374 3504 Tacitus
383 3453 414 3503 H.
426 3457 450 3514 2,
458 3456 494 3502 86.
