<?xml version="1.0" encoding="UTF-8"?>
<!DOCTYPE html PUBLIC "-//W3C//DTD XHTML 1.0 Transitional//EN"
    "http://www.w3.org/TR/xhtml1/DTD/xhtml1-transitional.dtd">
<html xmlns="http://www.w3.org/1999/xhtml" xml:lang="en" lang="en">
 <head>
  <title>
</title>
<meta http-equiv="Content-Type" content="text/html;charset=utf-8" />
  <meta name='ocr-system' content='tesseract 3.04.00' />
  <meta name='ocr-capabilities' content='ocr_page ocr_carea ocr_par ocr_line ocrx_word'/>
</head>
<body>
  <div class='ocr_page' id='page_1' title='image "./operaexrecensio02tacigoog_0091.png"; bbox 0 0 2158 3820; ppageno 0'>
   <div class='ocr_carea' id='block_1_1' title="bbox 95 153 974 230">
    <p class='ocr_par' dir='ltr' id='par_1_1' title="bbox 95 153 974 230">
     <span class='ocr_line' id='line_1_1' title="bbox 95 153 974 230; baseline 0.007 -10"><span class='ocrx_word' id='word_1_1' title='bbox 95 153 144 220; x_wconf 80' lang='lat'><strong>78</strong></span> <span class='ocrx_word' id='word_1_2' title='bbox 322 223 326 230; x_wconf 72' lang='grc'>,</span> <span class='ocrx_word' id='word_1_3' title='bbox 455 175 642 224; x_wconf 74' lang='lat' dir='ltr'><strong>auuaarrrr</strong></span> <span class='ocrx_word' id='word_1_4' title='bbox 821 179 851 226; x_wconf 75' lang='grc' dir='ltr'><strong>Α.</strong></span> <span class='ocrx_word' id='word_1_5' title='bbox 868 177 899 226; x_wconf 83' lang='grc' dir='ltr'><strong>ν.</strong></span> <span class='ocrx_word' id='word_1_6' title='bbox 918 180 974 228; x_wconf 85' lang='lat' dir='ltr'><strong>aro.</strong></span> 
     </span>
    </p>
   </div>
   <div class='ocr_carea' id='block_1_2' title="bbox 41 323 1061 2368">
    <p class='ocr_par' dir='ltr' id='par_1_2' title="bbox 41 323 1061 2368">
     <span class='ocr_line' id='line_1_2' title="bbox 94 323 1054 402; baseline 0.003 -18"><span class='ocrx_word' id='word_1_7' title='bbox 94 328 211 389; x_wconf 85' lang='lat' dir='ltr'><strong>edebat,</strong></span> <span class='ocrx_word' id='word_1_8' title='bbox 241 325 340 385; x_wconf 82' lang='lat' dir='ltr'><strong>habitu</strong></span> <span class='ocrx_word' id='word_1_9' title='bbox 361 327 478 402; x_wconf 80' lang='lat' dir='ltr'><strong>aurigae</strong></span> <span class='ocrx_word' id='word_1_10' title='bbox 505 330 665 400; x_wconf 78' lang='lat' dir='ltr'><strong>permixtus</strong></span> <span class='ocrx_word' id='word_1_11' title='bbox 689 327 777 401; x_wconf 82' lang='lat' dir='ltr'><strong>plebi,</strong></span> <span class='ocrx_word' id='word_1_12' title='bbox 797 331 847 386; x_wconf 84' lang='lat' dir='ltr'><strong>vet</strong></span> <span class='ocrx_word' id='word_1_13' title='bbox 879 331 974 388; x_wconf 86' lang='lat' dir='ltr'><strong>curri-</strong></span> <span class='ocrx_word' id='word_1_14' title='bbox 1053 323 1054 336; x_wconf 49' lang='lat'><strong>³</strong></span> 
     </span>
     <span class='ocr_line' id='line_1_3' title="bbox 93 424 972 500; baseline 0.005 -18"><span class='ocrx_word' id='word_1_15' title='bbox 93 429 161 482; x_wconf 86' lang='lat' dir='ltr'><strong>outo</strong></span> <span class='ocrx_word' id='word_1_16' title='bbox 187 425 332 482; x_wconf 80' lang='lat' dir='ltr'><strong>ineirtena.</strong></span> <span class='ocrx_word' id='word_1_17' title='bbox 373 424 472 490; x_wconf 84' lang='lat' dir='ltr'><strong>Vnde,</strong></span> <span class='ocrx_word' id='word_1_18' title='bbox 499 443 671 500; x_wconf 85' lang='lat' dir='ltr'><strong>quamquam</strong></span> <span class='ocrx_word' id='word_1_19' title='bbox 690 428 829 484; x_wconf 76' lang='lat' dir='ltr'><strong>adversus</strong></span> <span class='ocrx_word' id='word_1_20' title='bbox 865 437 972 486; x_wconf 79' lang='lat' dir='ltr'><strong>sontes</strong></span> 
     </span>
     <span class='ocr_line' id='line_1_4' title="bbox 93 524 972 596; baseline 0.002 -15"><span class='ocrx_word' id='word_1_21' title='bbox 93 530 124 582; x_wconf 86' lang='lat' dir='ltr'><strong>et</strong></span> <span class='ocrx_word' id='word_1_22' title='bbox 148 524 307 582; x_wconf 72' lang='lat' dir='ltr'><strong>norissima</strong></span> <span class='ocrx_word' id='word_1_23' title='bbox 329 527 464 596; x_wconf 80' lang='lat' dir='ltr'><strong>exempta</strong></span> <span class='ocrx_word' id='word_1_24' title='bbox 487 525 614 591; x_wconf 71' lang='lat' dir='ltr'><strong>meritos,</strong></span> <span class='ocrx_word' id='word_1_25' title='bbox 641 525 789 582; x_wconf 70' lang='lat' dir='ltr'><strong>miseratio</strong></span> <span class='ocrx_word' id='word_1_26' title='bbox 808 525 972 594; x_wconf 79' lang='lat' dir='ltr'>oriebatur,</span> 
     </span>
     <span class='ocr_line' id='line_1_5' title="bbox 93 623 1056 702; baseline 0.002 -22"><span class='ocrx_word' id='word_1_27' title='bbox 93 627 238 698; x_wconf 77' lang='lat' dir='ltr'><strong>tamquam</strong></span> <span class='ocrx_word' id='word_1_28' title='bbox 263 641 321 682; x_wconf 87' lang='lat' dir='ltr'><strong>non</strong></span> <span class='ocrx_word' id='word_1_29' title='bbox 342 623 468 680; x_wconf 78' lang='lat' dir='ltr'><strong>utilitate</strong></span> <span class='ocrx_word' id='word_1_30' title='bbox 501 623 626 695; x_wconf 78' lang='lat' dir='ltr'><strong>publica,</strong></span> <span class='ocrx_word' id='word_1_31' title='bbox 653 625 704 680; x_wconf 81' lang='lat' dir='ltr'><strong>aed</strong></span> <span class='ocrx_word' id='word_1_32' title='bbox 739 623 769 680; x_wconf 88' lang='lat' dir='ltr'><strong>io</strong></span> <span class='ocrx_word' id='word_1_33' title='bbox 803 625 968 682; x_wconf 79' lang='lat' dir='ltr'><strong>saevitiam</strong></span> <span class='ocrx_word' id='word_1_34' title='bbox 1055 628 1056 702; x_wconf 65' lang='lat' dir='ltr'><strong>t</strong></span> 
     </span>
     <span class='ocr_line' id='line_1_6' title="bbox 41 705 1056 794; baseline 0.002 -15"><span class='ocrx_word' id='word_1_35' title='bbox 41 721 188 788; x_wconf 72' lang='lat' dir='ltr'><strong>counias,</strong></span> <span class='ocrx_word' id='word_1_36' title='bbox 220 723 447 780; x_wconf 71' lang='lat' dir='ltr'>absumerentur.</span> <span class='ocrx_word' id='word_1_37' title='bbox 507 721 624 778; x_wconf 85' lang='lat' dir='ltr'><strong>Interea</strong></span> <span class='ocrx_word' id='word_1_38' title='bbox 657 721 842 778; x_wconf 76' lang='lat' dir='ltr'><strong>conserendis</strong></span> <span class='ocrx_word' id='word_1_39' title='bbox 879 739 970 794; x_wconf 83' lang='lat' dir='ltr'><strong>pecu·</strong></span> <span class='ocrx_word' id='word_1_40' title='bbox 1055 705 1056 738; x_wconf 65' lang='lat' dir='ltr'><strong>r</strong></span> 
     </span>
     <span class='ocr_line' id='line_1_7' title="bbox 93 819 967 894; baseline 0 -16"><span class='ocrx_word' id='word_1_41' title='bbox 93 820 152 878; x_wconf 86' lang='lat' dir='ltr'><strong>uiia</strong></span> <span class='ocrx_word' id='word_1_42' title='bbox 179 826 345 893; x_wconf 73' lang='lat' dir='ltr'><strong>pervastata</strong></span> <span class='ocrx_word' id='word_1_43' title='bbox 370 819 466 886; x_wconf 77' lang='lat' dir='ltr'><strong>ltalia,</strong></span> <span class='ocrx_word' id='word_1_44' title='bbox 492 819 662 890; x_wconf 83' lang='lat' dir='ltr'><strong>provinciae</strong></span> <span class='ocrx_word' id='word_1_45' title='bbox 683 837 814 886; x_wconf 74' lang='lat' dir='ltr'><strong>eversae,</strong></span> <span class='ocrx_word' id='word_1_46' title='bbox 828 821 967 894; x_wconf 78' lang='lat' dir='ltr'><strong>sociique</strong></span> 
     </span>
     <span class='ocr_line' id='line_1_8' title="bbox 94 917 970 992; baseline 0.003 -17"><span class='ocrx_word' id='word_1_47' title='bbox 94 918 203 991; x_wconf 83' lang='lat' dir='ltr'><strong>popuii,</strong></span> <span class='ocrx_word' id='word_1_48' title='bbox 223 925 254 975; x_wconf 87' lang='lat' dir='ltr'><strong>et</strong></span> <span class='ocrx_word' id='word_1_49' title='bbox 277 935 350 992; x_wconf 85' lang='lat' dir='ltr'><strong>quae</strong></span> <span class='ocrx_word' id='word_1_50' title='bbox 378 917 531 974; x_wconf 86' lang='lat' dir='ltr'><strong>civitatum</strong></span> <span class='ocrx_word' id='word_1_51' title='bbox 547 917 655 974; x_wconf 80' lang='lat' dir='ltr'><strong>liberae</strong></span> <span class='ocrx_word' id='word_1_52' title='bbox 676 925 827 974; x_wconf 84' lang='lat' dir='ltr'><strong>vocantur.</strong></span> <span class='ocrx_word' id='word_1_53' title='bbox 870 920 970 992; x_wconf 79' lang='lat' dir='ltr'><strong>loque</strong></span> 
     </span>
     <span class='ocr_line' id='line_1_9' title="bbox 93 1015 968 1088; baseline 0.001 -15"><span class='ocrx_word' id='word_1_54' title='bbox 93 1034 159 1074; x_wconf 83' lang='lat' dir='ltr'><strong>eam</strong></span> <span class='ocrx_word' id='word_1_55' title='bbox 178 1017 313 1088; x_wconf 80' lang='lat' dir='ltr'><strong>praedam</strong></span> <span class='ocrx_word' id='word_1_56' title='bbox 339 1016 427 1074; x_wconf 85' lang='lat' dir='ltr'><strong>etiam</strong></span> <span class='ocrx_word' id='word_1_57' title='bbox 454 1015 506 1072; x_wconf 87' lang='lat' dir='ltr'><strong>Dii</strong></span> <span class='ocrx_word' id='word_1_58' title='bbox 525 1032 650 1082; x_wconf 72' lang='lat' dir='ltr'><strong>censere,</strong></span> <span class='ocrx_word' id='word_1_59' title='bbox 670 1015 802 1088; x_wconf 76' lang='lat' dir='ltr'><strong>spoliatis</strong></span> <span class='ocrx_word' id='word_1_60' title='bbox 830 1016 863 1072; x_wconf 89' lang='lat' dir='ltr'><strong>iu</strong></span> <span class='ocrx_word' id='word_1_61' title='bbox 893 1019 968 1074; x_wconf 78' lang='lat' dir='ltr'><strong>urbe</strong></span> 
     </span>
     <span class='ocr_line' id='line_1_10' title="bbox 93 1114 1058 1188; baseline 0.001 -17"><span class='ocrx_word' id='word_1_62' title='bbox 93 1116 219 1186; x_wconf 74' lang='lat' dir='ltr'><strong>templis,</strong></span> <span class='ocrx_word' id='word_1_63' title='bbox 233 1120 389 1187; x_wconf 75' lang='lat' dir='ltr'><strong>egestoque</strong></span> <span class='ocrx_word' id='word_1_64' title='bbox 415 1131 494 1178; x_wconf 80' lang='lat' dir='ltr'><strong>auro,</strong></span> <span class='ocrx_word' id='word_1_65' title='bbox 507 1115 583 1186; x_wconf 86' lang='lat' dir='ltr'><strong>quod</strong></span> <span class='ocrx_word' id='word_1_66' title='bbox 604 1114 764 1186; x_wconf 79' lang='lat' dir='ltr'><strong>triumphis‚</strong></span> <span class='ocrx_word' id='word_1_67' title='bbox 778 1116 854 1188; x_wconf 89' lang='lat' dir='ltr'><strong>quod</strong></span> <span class='ocrx_word' id='word_1_68' title='bbox 876 1116 969 1185; x_wconf 75' lang='lat' dir='ltr'><strong>votis,</strong></span> <span class='ocrx_word' id='word_1_69' title='bbox 1057 1135 1058 1150; x_wconf 55' lang='lat'><em>*</em></span> 
     </span>
     <span class='ocr_line' id='line_1_11' title="bbox 93 1212 968 1286; baseline 0.003 -18"><span class='ocrx_word' id='word_1_70' title='bbox 93 1213 186 1270; x_wconf 85' lang='lat' dir='ltr'><strong>omnir</strong></span> <span class='ocrx_word' id='word_1_71' title='bbox 211 1213 315 1284; x_wconf 78' lang='lat' dir='ltr'><strong>Populi</strong></span> <span class='ocrx_word' id='word_1_72' title='bbox 338 1212 462 1282; x_wconf 73' lang='lat' dir='ltr'><strong>Romani</strong></span> <span class='ocrx_word' id='word_1_73' title='bbox 485 1219 566 1268; x_wconf 77' lang='lat' dir='ltr'><strong>aetas</strong></span> <span class='ocrx_word' id='word_1_74' title='bbox 589 1217 733 1286; x_wconf 75' lang='lat' dir='ltr'><strong>prospere,</strong></span> <span class='ocrx_word' id='word_1_75' title='bbox 756 1218 805 1270; x_wconf 87' lang='lat' dir='ltr'><strong>aut</strong></span> <span class='ocrx_word' id='word_1_76' title='bbox 819 1213 852 1270; x_wconf 87' lang='lat' dir='ltr'><strong>iu</strong></span> <span class='ocrx_word' id='word_1_77' title='bbox 872 1219 968 1284; x_wconf 81' lang='lat' dir='ltr'><strong>metu,</strong></span> 
     </span>
     <span class='ocr_line' id='line_1_12' title="bbox 93 1310 968 1385; baseline 0.001 -17"><span class='ocrx_word' id='word_1_78' title='bbox 93 1317 268 1368; x_wconf 74' lang='lat' dir='ltr'><strong>sacraverat.</strong></span> <span class='ocrx_word' id='word_1_79' title='bbox 309 1310 478 1375; x_wconf 87' lang='lat' dir='ltr'><strong>Enimvero,</strong></span> <span class='ocrx_word' id='word_1_80' title='bbox 498 1328 549 1382; x_wconf 85' lang='lat' dir='ltr'><strong>per</strong></span> <span class='ocrx_word' id='word_1_81' title='bbox 578 1311 681 1368; x_wconf 77' lang='lat' dir='ltr'><strong>Asiam</strong></span> <span class='ocrx_word' id='word_1_82' title='bbox 702 1317 788 1385; x_wconf 84' lang='lat' dir='ltr'><strong>atquc</strong></span> <span class='ocrx_word' id='word_1_83' title='bbox 815 1311 968 1370; x_wconf 84' lang='lat' dir='ltr'><strong>Achaiam</strong></span> 
     </span>
     <span class='ocr_line' id='line_1_13' title="bbox 94 1409 967 1481; baseline 0 -15"><span class='ocrx_word' id='word_1_84' title='bbox 94 1427 153 1466; x_wconf 87' lang='lat' dir='ltr'><strong>non</strong></span> <span class='ocrx_word' id='word_1_85' title='bbox 172 1410 248 1466; x_wconf 85' lang='lat' dir='ltr'><strong>dona</strong></span> <span class='ocrx_word' id='word_1_86' title='bbox 269 1413 388 1472; x_wconf 85' lang='lat' dir='ltr'><strong>tautum,</strong></span> <span class='ocrx_word' id='word_1_87' title='bbox 403 1410 455 1466; x_wconf 81' lang='lat' dir='ltr'><strong>aed</strong></span> <span class='ocrx_word' id='word_1_88' title='bbox 475 1409 630 1466; x_wconf 75' lang='lat' dir='ltr'><strong>simulacra</strong></span> <span class='ocrx_word' id='word_1_89' title='bbox 655 1409 815 1466; x_wconf 82' lang='lat' dir='ltr'><strong>Numicum</strong></span> <span class='ocrx_word' id='word_1_90' title='bbox 838 1410 967 1481; x_wconf 81' lang='lat' dir='ltr'><strong>abripie-</strong></span> 
     </span>
     <span class='ocr_line' id='line_1_14' title="bbox 95 1506 972 1579; baseline 0.001 -14"><span class='ocrx_word' id='word_1_91' title='bbox 95 1509 207 1576; x_wconf 85' lang='lat' dir='ltr'><strong>bantur,</strong></span> <span class='ocrx_word' id='word_1_92' title='bbox 227 1507 322 1566; x_wconf 76' lang='lat' dir='ltr'><strong>missis</strong></span> <span class='ocrx_word' id='word_1_93' title='bbox 337 1507 367 1563; x_wconf 86' lang='lat' dir='ltr'><strong>iu</strong></span> <span class='ocrx_word' id='word_1_94' title='bbox 388 1522 438 1564; x_wconf 81' lang='lat' dir='ltr'><strong>aaa</strong></span> <span class='ocrx_word' id='word_1_95' title='bbox 459 1506 625 1579; x_wconf 79' lang='lat' dir='ltr'><strong>provinciae</strong></span> <span class='ocrx_word' id='word_1_96' title='bbox 648 1508 758 1564; x_wconf 82' lang='lat' dir='ltr'><strong>Acrato</strong></span> <span class='ocrx_word' id='word_1_97' title='bbox 773 1524 808 1564; x_wconf 86' lang='lat' dir='ltr'><strong>ac</strong></span> <span class='ocrx_word' id='word_1_98' title='bbox 824 1508 972 1566; x_wconf 86' lang='lat' dir='ltr'><strong>Secundo</strong></span> 
     </span>
     <span class='ocr_line' id='line_1_15' title="bbox 96 1605 969 1680; baseline -0.005 -14"><span class='ocrx_word' id='word_1_99' title='bbox 96 1608 244 1666; x_wconf 80' lang='lat' dir='ltr'><strong>Oariuate.</strong></span> <span class='ocrx_word' id='word_1_100' title='bbox 285 1607 341 1664; x_wconf 84' lang='lat' dir='ltr'><strong>lile</strong></span> <span class='ocrx_word' id='word_1_101' title='bbox 369 1606 498 1673; x_wconf 78' lang='lat' dir='ltr'><strong>tibertus,</strong></span> <span class='ocrx_word' id='word_1_102' title='bbox 525 1605 696 1679; x_wconf 85' lang='lat' dir='ltr'><strong>cuicumque</strong></span> <span class='ocrx_word' id='word_1_103' title='bbox 718 1605 828 1680; x_wconf 80' lang='lat' dir='ltr'><strong>flagitio</strong></span> <span class='ocrx_word' id='word_1_104' title='bbox 852 1619 969 1680; x_wconf 81' lang='lat' dir='ltr'><strong>promp-</strong></span> 
     </span>
     <span class='ocr_line' id='line_1_16' title="bbox 96 1703 968 1774; baseline 0 -12"><span class='ocrx_word' id='word_1_105' title='bbox 96 1707 238 1774; x_wconf 72' lang='lat' dir='ltr'><strong>toarcio,</strong></span> <span class='ocrx_word' id='word_1_106' title='bbox 258 1705 374 1762; x_wconf 84' lang='lat' dir='ltr'><strong>Graeca</strong></span> <span class='ocrx_word' id='word_1_107' title='bbox 387 1704 521 1762; x_wconf 79' lang='lat' dir='ltr'><strong>doctriua</strong></span> <span class='ocrx_word' id='word_1_108' title='bbox 540 1721 591 1761; x_wconf 87' lang='lat' dir='ltr'><strong>ore</strong></span> <span class='ocrx_word' id='word_1_109' title='bbox 615 1710 699 1760; x_wconf 80' lang='lat' dir='ltr'><strong>tenua</strong></span> <span class='ocrx_word' id='word_1_110' title='bbox 721 1703 878 1769; x_wconf 74' lang='lat' dir='ltr'><strong>exercitus,</strong></span> <span class='ocrx_word' id='word_1_111' title='bbox 902 1703 968 1762; x_wconf 85' lang='lat' dir='ltr'><strong>aoi-</strong></span> 
     </span>
     <span class='ocr_line' id='line_1_17' title="bbox 95 1802 967 1884; baseline 0 -24"><span class='ocrx_word' id='word_1_112' title='bbox 95 1821 173 1860; x_wconf 90' lang='lat' dir='ltr'><strong>mum</strong></span> <span class='ocrx_word' id='word_1_113' title='bbox 187 1803 270 1860; x_wconf 76' lang='lat' dir='ltr'><strong>ironia</strong></span> <span class='ocrx_word' id='word_1_114' title='bbox 293 1802 400 1858; x_wconf 81' lang='lat' dir='ltr'><strong>artibus</strong></span> <span class='ocrx_word' id='word_1_115' title='bbox 421 1820 479 1860; x_wconf 89' lang='lat' dir='ltr'><strong>non</strong></span> <span class='ocrx_word' id='word_1_116' title='bbox 494 1803 635 1884; x_wconf 77' lang='lat' dir='ltr'><strong>iuduerut.</strong></span> <span class='ocrx_word' id='word_1_117' title='bbox 676 1803 836 1860; x_wconf 70' lang='lat' dir='ltr'><strong>Ferebatur</strong></span> <span class='ocrx_word' id='word_1_118' title='bbox 850 1810 858 1835; x_wconf 86' lang='lat'>‘</span> <span class='ocrx_word' id='word_1_119' title='bbox 871 1803 967 1860; x_wconf 83' lang='lat' dir='ltr'><strong>Sene·</strong></span> 
     </span>
     <span class='ocr_line' id='line_1_18' title="bbox 96 1898 1061 1974; baseline -0.002 -16"><span class='ocrx_word' id='word_1_120' title='bbox 96 1909 160 1968; x_wconf 89' lang='lat' dir='ltr'><strong>‘ca,</strong></span> <span class='ocrx_word' id='word_1_121' title='bbox 190 1917 247 1974; x_wconf 91' lang='lat' dir='ltr'><strong>quo</strong></span> <span class='ocrx_word' id='word_1_122' title='bbox 277 1899 420 1956; x_wconf 79' lang='lat' dir='ltr'><strong>invidiam</strong></span> <span class='ocrx_word' id='word_1_123' title='bbox 450 1899 597 1974; x_wconf 77' lang='lat' dir='ltr'><strong>sacrilegii</strong></span> <span class='ocrx_word' id='word_1_124' title='bbox 629 1917 647 1956; x_wconf 91' lang='lat' dir='ltr'><strong>a</strong></span> <span class='ocrx_word' id='word_1_125' title='bbox 671 1905 764 1958; x_wconf 77' lang='lat' dir='ltr'><strong>semet</strong></span> <span class='ocrx_word' id='word_1_126' title='bbox 796 1898 968 1966; x_wconf 73' lang='lat' dir='ltr'><strong>averteret,²</strong></span> <span class='ocrx_word' id='word_1_127' title='bbox 1060 1907 1061 1940; x_wconf 74' lang='lat'>³</span> 
     </span>
     <span class='ocr_line' id='line_1_19' title="bbox 95 1998 968 2072; baseline 0.003 -16"><span class='ocrx_word' id='word_1_128' title='bbox 95 1998 245 2072; x_wconf 84' lang='lat' dir='ltr'>longinqui</span> <span class='ocrx_word' id='word_1_129' title='bbox 266 1999 336 2054; x_wconf 82' lang='lat' dir='ltr'><strong>ruris</strong></span> <span class='ocrx_word' id='word_1_130' title='bbox 350 2015 496 2056; x_wconf 78' lang='lat' dir='ltr'><strong>secessum</strong></span> <span class='ocrx_word' id='word_1_131' title='bbox 509 2006 517 2031; x_wconf 88' lang='lat'>‘</span> <span class='ocrx_word' id='word_1_132' title='bbox 528 1999 669 2065; x_wconf 67' lang='lat' dir='ltr'><strong>oravisse,</strong></span> <span class='ocrx_word' id='word_1_133' title='bbox 682 2005 723 2065; x_wconf 80' lang='lat' dir='ltr'><strong>et,</strong></span> <span class='ocrx_word' id='word_1_134' title='bbox 737 2004 886 2072; x_wconf 81' lang='lat' dir='ltr'><strong>postquam</strong></span> <span class='ocrx_word' id='word_1_135' title='bbox 902 2015 968 2058; x_wconf 81' lang='lat' dir='ltr'><strong>uon</strong></span> 
     </span>
     <span class='ocr_line' id='line_1_20' title="bbox 96 2095 968 2172; baseline -0.002 -16"><span class='ocrx_word' id='word_1_136' title='bbox 96 2097 338 2164; x_wconf 66' lang='lat' dir='ltr'><strong>‘concedebatuu</strong></span> <span class='ocrx_word' id='word_1_137' title='bbox 355 2097 423 2154; x_wconf 88' lang='lat' dir='ltr'><strong>ficta</strong></span> <span class='ocrx_word' id='word_1_138' title='bbox 438 2097 617 2163; x_wconf 76' lang='lat' dir='ltr'><strong>valetudiue,</strong></span> <span class='ocrx_word' id='word_1_139' title='bbox 640 2097 720 2172; x_wconf 79' lang='lat' dir='ltr'><strong>quari</strong></span> <span class='ocrx_word' id='word_1_140' title='bbox 742 2113 829 2170; x_wconf 83' lang='lat' dir='ltr'><strong>aeger</strong></span> <span class='ocrx_word' id='word_1_141' title='bbox 853 2095 968 2166; x_wconf 77' lang='lat' dir='ltr'><strong>nervia,</strong></span> 
     </span>
     <span class='ocr_line' id='line_1_21' title="bbox 96 2193 968 2270; baseline 0 -16"><span class='ocrx_word' id='word_1_142' title='bbox 96 2196 278 2254; x_wconf 76' lang='lat' dir='ltr'><strong>‘cubiculum</strong></span> <span class='ocrx_word' id='word_1_143' title='bbox 287 2211 350 2254; x_wconf 75' lang='lat' dir='ltr'><strong>ooo</strong></span> <span class='ocrx_word' id='word_1_144' title='bbox 364 2193 514 2268; x_wconf 68' lang='lat' dir='ltr'><strong>egressus?</strong></span> <span class='ocrx_word' id='word_1_145' title='bbox 536 2194 698 2252; x_wconf 72' lang='lat' dir='ltr'><strong>Tradidere</strong></span> <span class='ocrx_word' id='word_1_146' title='bbox 712 2195 837 2270; x_wconf 85' lang='lat' dir='ltr'><strong>quidam,</strong></span> <span class='ocrx_word' id='word_1_147' title='bbox 852 2200 860 2226; x_wconf 88' lang='lat'>‘</span> <span class='ocrx_word' id='word_1_148' title='bbox 873 2211 968 2254; x_wconf 85' lang='lat' dir='ltr'><strong>vene·</strong></span> 
     </span>
     <span class='ocr_line' id='line_1_22' title="bbox 96 2287 992 2368; baseline -0.002 -14"><span class='ocrx_word' id='word_1_149' title='bbox 96 2300 183 2354; x_wconf 84' lang='lat' dir='ltr'><strong>‘nom</strong></span> <span class='ocrx_word' id='word_1_150' title='bbox 207 2296 235 2352; x_wconf 90' lang='lat' dir='ltr'><strong>ei</strong></span> <span class='ocrx_word' id='word_1_151' title='bbox 259 2312 309 2368; x_wconf 84' lang='lat' dir='ltr'><strong>per</strong></span> <span class='ocrx_word' id='word_1_152' title='bbox 333 2294 465 2352; x_wconf 74' lang='lat' dir='ltr'><strong>tiberium</strong></span> <span class='ocrx_word' id='word_1_153' title='bbox 489 2293 588 2366; x_wconf 70' lang='lat' dir='ltr'><strong>ipsius,</strong></span> <span class='ocrx_word' id='word_1_154' title='bbox 606 2294 654 2350; x_wconf 90' lang='lat' dir='ltr'><strong>cui</strong></span> <span class='ocrx_word' id='word_1_155' title='bbox 679 2311 785 2352; x_wconf 87' lang='lat' dir='ltr'><strong>nomen</strong></span> <span class='ocrx_word' id='word_1_156' title='bbox 807 2287 992 2362; x_wconf 58' lang='lat' dir='ltr'><strong>cums</strong></span> 
     </span>
    </p>
   </div>
   <div class='ocr_carea' id='block_1_3' title="bbox 42 2391 1027 3447">
    <p class='ocr_par' dir='ltr' id='par_1_3' title="bbox 95 2391 968 2764">
     <span class='ocr_line' id='line_1_23' title="bbox 96 2391 968 2468; baseline -0.005 -16"><span class='ocrx_word' id='word_1_157' title='bbox 96 2401 243 2468; x_wconf 82' lang='lat' dir='ltr'><strong>‘paratum</strong></span> <span class='ocrx_word' id='word_1_158' title='bbox 257 2393 334 2452; x_wconf 80' lang='lat' dir='ltr'><strong>iussu</strong></span> <span class='ocrx_word' id='word_1_159' title='bbox 353 2391 497 2450; x_wconf 82' lang='lat' dir='ltr'><strong>Neronis:</strong></span> <span class='ocrx_word' id='word_1_160' title='bbox 519 2392 698 2466; x_wconf 85' lang='lat' dir='ltr'><strong>vitatumque</strong></span> <span class='ocrx_word' id='word_1_161' title='bbox 712 2409 729 2450; x_wconf 89' lang='lat' dir='ltr'><strong>a</strong></span> <span class='ocrx_word' id='word_1_162' title='bbox 743 2393 878 2457; x_wconf 65' lang='lat' dir='ltr'><strong>‚Seneca</strong></span> <span class='ocrx_word' id='word_1_163' title='bbox 900 2407 968 2463; x_wconf 81' lang='lat' dir='ltr'><strong>pro·</strong></span> 
     </span>
     <span class='ocr_line' id='line_1_24' title="bbox 96 2489 967 2562; baseline -0.005 -10"><span class='ocrx_word' id='word_1_164' title='bbox 96 2495 225 2552; x_wconf 80' lang='lat' dir='ltr'><strong>‘ditione</strong></span> <span class='ocrx_word' id='word_1_165' title='bbox 240 2492 344 2559; x_wconf 87' lang='lat' dir='ltr'><strong>tiberti,</strong></span> <span class='ocrx_word' id='word_1_166' title='bbox 358 2509 410 2548; x_wconf 80' lang='lat' dir='ltr'><strong>eeu</strong></span> <span class='ocrx_word' id='word_1_167' title='bbox 433 2489 546 2562; x_wconf 80' lang='lat' dir='ltr'><strong>propria</strong></span> <span class='ocrx_word' id='word_1_168' title='bbox 569 2489 728 2558; x_wconf 78' lang='lat' dir='ltr'><strong>formidine,</strong></span> <span class='ocrx_word' id='word_1_169' title='bbox 742 2491 810 2548; x_wconf 88' lang='lat' dir='ltr'><strong>dum</strong></span> <span class='ocrx_word' id='word_1_170' title='bbox 833 2489 967 2561; x_wconf 76' lang='lat' dir='ltr'><strong>simplici</strong></span> 
     </span>
     <span class='ocr_line' id='line_1_25' title="bbox 95 2587 966 2664; baseline -0.006 -14"><span class='ocrx_word' id='word_1_171' title='bbox 95 2593 198 2650; x_wconf 84' lang='lat' dir='ltr'><strong>‘victu</strong></span> <span class='ocrx_word' id='word_1_172' title='bbox 222 2597 252 2648; x_wconf 88' lang='lat' dir='ltr'><strong>et</strong></span> <span class='ocrx_word' id='word_1_173' title='bbox 276 2589 436 2664; x_wconf 78' lang='lat' dir='ltr'><strong>agrestibus¹</strong></span> <span class='ocrx_word' id='word_1_174' title='bbox 458 2587 561 2661; x_wconf 78' lang='lat' dir='ltr'><strong>pomis,</strong></span> <span class='ocrx_word' id='word_1_175' title='bbox 585 2605 629 2658; x_wconf 84' lang='lat' dir='ltr'><strong>ac,</strong></span> <span class='ocrx_word' id='word_1_176' title='bbox 654 2589 679 2644; x_wconf 81' lang='lat' dir='ltr'><strong>ai</strong></span> <span class='ocrx_word' id='word_1_177' title='bbox 693 2587 758 2644; x_wconf 74' lang='lat' dir='ltr'><strong>aitis</strong></span> <span class='ocrx_word' id='word_1_178' title='bbox 781 2588 966 2656; x_wconf 85' lang='lat' dir='ltr'><strong>admoueret,</strong></span> 
     </span>
     <span class='ocr_line' id='line_1_26' title="bbox 95 2683 688 2764; baseline -0.017 -16"><span class='ocrx_word' id='word_1_179' title='bbox 95 2689 272 2764; x_wconf 82' lang='lat' dir='ltr'><strong>‘profluente</strong></span> <span class='ocrx_word' id='word_1_180' title='bbox 285 2705 367 2761; x_wconf 72' lang='lat' dir='ltr'><strong>aqua,</strong></span> <span class='ocrx_word' id='word_1_181' title='bbox 382 2685 472 2742; x_wconf 87' lang='lat' dir='ltr'><strong>vitam</strong></span> <span class='ocrx_word' id='word_1_182' title='bbox 488 2683 609 2742; x_wconf 63' lang='lat' dir='ltr'><strong>tolerat?</strong></span> <span class='ocrx_word' id='word_1_183' title='bbox 683 2729 688 2735; x_wconf 91' lang='lat'>.</span> 
     </span>
    </p>

    <p class='ocr_par' dir='ltr' id='par_1_4' title="bbox 42 2782 1027 3447">
     <span class='ocr_line' id='line_1_27' title="bbox 42 2782 966 2864; baseline -0.006 -18"><span class='ocrx_word' id='word_1_184' title='bbox 42 2807 84 2864; x_wconf 73' lang='lat'><strong>46</strong></span> <span class='ocrx_word' id='word_1_185' title='bbox 134 2789 191 2846; x_wconf 88' lang='lat' dir='ltr'><strong>Per</strong></span> <span class='ocrx_word' id='word_1_186' title='bbox 214 2786 292 2843; x_wconf 81' lang='lat' dir='ltr'><strong>idem</strong></span> <span class='ocrx_word' id='word_1_187' title='bbox 306 2791 417 2855; x_wconf 78' lang='lat' dir='ltr'><strong>tempus</strong></span> <span class='ocrx_word' id='word_1_188' title='bbox 437 2783 613 2856; x_wconf 70' lang='lat' dir='ltr'><strong>gladiatores</strong></span> <span class='ocrx_word' id='word_1_189' title='bbox 627 2784 702 2856; x_wconf 78' lang='lat' dir='ltr'><strong>apud</strong></span> <span class='ocrx_word' id='word_1_190' title='bbox 722 2782 860 2856; x_wconf 79' lang='lat' dir='ltr'><strong>oppidum</strong></span> <span class='ocrx_word' id='word_1_191' title='bbox 875 2782 966 2840; x_wconf 86' lang='lat' dir='ltr'><strong>Prae-</strong></span> 
     </span>
     <span class='ocr_line' id='line_1_28' title="bbox 95 2869 1027 2957; baseline -0.009 -11"><span class='ocrx_word' id='word_1_192' title='bbox 95 2893 185 2957; x_wconf 73' lang='lat' dir='ltr'><strong>neste,</strong></span> <span class='ocrx_word' id='word_1_193' title='bbox 206 2887 317 2943; x_wconf 85' lang='lat' dir='ltr'><strong>tentata</strong></span> <span class='ocrx_word' id='word_1_194' title='bbox 344 2881 503 2954; x_wconf 84' lang='lat' dir='ltr'><strong>eruptione,</strong></span> <span class='ocrx_word' id='word_1_195' title='bbox 532 2869 675 2955; x_wconf 68' lang='lat' dir='ltr'><strong>praecidio</strong></span> <span class='ocrx_word' id='word_1_196' title='bbox 697 2881 808 2948; x_wconf 84' lang='lat' dir='ltr'><strong>militia,</strong></span> <span class='ocrx_word' id='word_1_197' title='bbox 829 2880 877 2956; x_wconf 92' lang='lat' dir='ltr'><strong>qui</strong></span> <span class='ocrx_word' id='word_1_198' title='bbox 898 2897 967 2938; x_wconf 80' lang='lat' dir='ltr'><strong>oua·</strong></span> <span class='ocrx_word' id='word_1_199' title='bbox 1023 2881 1027 2890; x_wconf 65' lang='lat'><strong>⁴</strong></span> 
     </span>
     <span class='ocr_line' id='line_1_29' title="bbox 95 2978 967 3056; baseline -0.007 -12"><span class='ocrx_word' id='word_1_200' title='bbox 95 2995 139 3044; x_wconf 78' lang='lat' dir='ltr'><strong>tos</strong></span> <span class='ocrx_word' id='word_1_201' title='bbox 172 2985 280 3048; x_wconf 80' lang='lat' dir='ltr'><strong>aderat,</strong></span> <span class='ocrx_word' id='word_1_202' title='bbox 313 2978 433 3038; x_wconf 84' lang='lat' dir='ltr'><strong>coerciti</strong></span> <span class='ocrx_word' id='word_1_203' title='bbox 466 2984 551 3036; x_wconf 81' lang='lat' dir='ltr'><strong>aunt:</strong></span> <span class='ocrx_word' id='word_1_204' title='bbox 593 2980 651 3036; x_wconf 86' lang='lat' dir='ltr'><strong>iam</strong></span> <span class='ocrx_word' id='word_1_205' title='bbox 684 2979 848 3056; x_wconf 69' lang='lat' dir='ltr'><strong>Spartacum</strong></span> <span class='ocrx_word' id='word_1_206' title='bbox 867 2984 893 3034; x_wconf 80' lang='lat' dir='ltr'><strong>ct</strong></span> <span class='ocrx_word' id='word_1_207' title='bbox 922 2997 967 3038; x_wconf 86' lang='lat' dir='ltr'><strong>uc·</strong></span> 
     </span>
     <span class='ocr_line' id='line_1_30' title="bbox 94 3077 964 3152; baseline -0.003 -13"><span class='ocrx_word' id='word_1_208' title='bbox 94 3092 155 3146; x_wconf 79' lang='lat' dir='ltr'><strong>trra</strong></span> <span class='ocrx_word' id='word_1_209' title='bbox 179 3079 256 3138; x_wconf 83' lang='lat' dir='ltr'><strong>mula</strong></span> <span class='ocrx_word' id='word_1_210' title='bbox 283 3079 439 3136; x_wconf 88' lang='lat' dir='ltr'><strong>rumoribus</strong></span> <span class='ocrx_word' id='word_1_211' title='bbox 468 3077 578 3134; x_wconf 80' lang='lat' dir='ltr'><strong>serente</strong></span> <span class='ocrx_word' id='word_1_212' title='bbox 602 3080 719 3152; x_wconf 82' lang='lat' dir='ltr'><strong>populo,</strong></span> <span class='ocrx_word' id='word_1_213' title='bbox 746 3084 777 3136; x_wconf 88' lang='lat' dir='ltr'><strong>ut</strong></span> <span class='ocrx_word' id='word_1_214' title='bbox 801 3083 845 3135; x_wconf 83' lang='lat' dir='ltr'><strong>eat</strong></span> <span class='ocrx_word' id='word_1_215' title='bbox 870 3095 964 3137; x_wconf 85' lang='lat' dir='ltr'><strong>nora·</strong></span> 
     </span>
     <span class='ocr_line' id='line_1_31' title="bbox 95 3176 964 3250; baseline -0.005 -12"><span class='ocrx_word' id='word_1_216' title='bbox 95 3199 156 3244; x_wconf 86' lang='lat' dir='ltr'><strong>rum</strong></span> <span class='ocrx_word' id='word_1_217' title='bbox 184 3195 277 3240; x_wconf 87' lang='lat' dir='ltr'><strong>rerum</strong></span> <span class='ocrx_word' id='word_1_218' title='bbox 307 3176 427 3250; x_wconf 75' lang='lat' dir='ltr'><strong>cupiens</strong></span> <span class='ocrx_word' id='word_1_219' title='bbox 454 3176 642 3250; x_wconf 82' lang='lat' dir='ltr'><strong>pavidusque.</strong></span> <span class='ocrx_word' id='word_1_220' title='bbox 694 3177 760 3232; x_wconf 89' lang='lat' dir='ltr'><strong>Nec</strong></span> <span class='ocrx_word' id='word_1_221' title='bbox 783 3178 874 3234; x_wconf 87' lang='lat' dir='ltr'><strong>mutto</strong></span> <span class='ocrx_word' id='word_1_222' title='bbox 896 3182 964 3248; x_wconf 81' lang='lat' dir='ltr'><strong>port</strong></span> 
     </span>
     <span class='ocr_line' id='line_1_32' title="bbox 96 3273 965 3348; baseline -0.01 -7"><span class='ocrx_word' id='word_1_223' title='bbox 96 3284 193 3341; x_wconf 78' lang='lat' dir='ltr'><strong>clarior</strong></span> <span class='ocrx_word' id='word_1_224' title='bbox 205 3278 245 3336; x_wconf 85' lang='lat' dir='ltr'><strong>rei</strong></span> <span class='ocrx_word' id='word_1_225' title='bbox 260 3277 373 3335; x_wconf 80' lang='lat' dir='ltr'><strong>navalia</strong></span> <span class='ocrx_word' id='word_1_226' title='bbox 387 3273 546 3347; x_wconf 76' lang='lat' dir='ltr'><strong>accipitur:</strong></span> <span class='ocrx_word' id='word_1_227' title='bbox 567 3291 625 3330; x_wconf 88' lang='lat' dir='ltr'><strong>noo</strong></span> <span class='ocrx_word' id='word_1_228' title='bbox 640 3275 736 3331; x_wconf 87' lang='lat' dir='ltr'><strong>bello:</strong></span> <span class='ocrx_word' id='word_1_229' title='bbox 756 3273 861 3348; x_wconf 77' lang='lat' dir='ltr'><strong>quippe</strong></span> <span class='ocrx_word' id='word_1_230' title='bbox 884 3274 965 3333; x_wconf 86' lang='lat' dir='ltr'><strong>haud</strong></span> 
     </span>
     <span class='ocr_line' id='line_1_33' title="bbox 97 3369 966 3447; baseline -0.013 -6"><span class='ocrx_word' id='word_1_231' title='bbox 97 3383 168 3441; x_wconf 79' lang='lat' dir='ltr'><strong>aliar</strong></span> <span class='ocrx_word' id='word_1_232' title='bbox 189 3384 247 3440; x_wconf 81' lang='lat' dir='ltr'><strong>um</strong></span> <span class='ocrx_word' id='word_1_233' title='bbox 261 3377 371 3436; x_wconf 83' lang='lat' dir='ltr'><strong>inmota</strong></span> <span class='ocrx_word' id='word_1_234' title='bbox 385 3389 463 3447; x_wconf 83' lang='lat' dir='ltr'><strong>pax:</strong></span> <span class='ocrx_word' id='word_1_235' title='bbox 484 3371 536 3429; x_wconf 81' lang='lat' dir='ltr'><strong>aed</strong></span> <span class='ocrx_word' id='word_1_236' title='bbox 549 3376 659 3430; x_wconf 83' lang='lat' dir='ltr'><strong>certum</strong></span> <span class='ocrx_word' id='word_1_237' title='bbox 684 3371 721 3431; x_wconf 81' lang='lat' dir='ltr'><strong>ad</strong></span> <span class='ocrx_word' id='word_1_238' title='bbox 746 3369 867 3432; x_wconf 83' lang='lat' dir='ltr'><strong>diem&#39;iu</strong></span> <span class='ocrx_word' id='word_1_239' title='bbox 880 3369 966 3430; x_wconf 84' lang='lat' dir='ltr'><strong>Goar-</strong></span> 
     </span>
    </p>
   </div>
   <div class='ocr_carea' id='block_1_4' title="bbox 0 0 1087 3820">
    <p class='ocr_par' dir='ltr' id='par_1_5' title="bbox 0 0 1087 3820">
     <span class='ocr_line' id='line_1_34' title="bbox 0 0 1087 3820; baseline 0 0"><span class='ocrx_word' id='word_1_240' title='bbox 0 0 1087 3820; x_wconf 95' lang='lat' dir='ltr'><strong> </strong></span> 
     </span>
    </p>
   </div>
  </div>
 </body>
</html>
