2158 3820
88 121 218 188 acea
315 137 388 186 nnn
414 137 488 188 xrs.
538 138 617 191 cue.
643 116 814 188 ria-65.
919 121 969 190 45

84 293 187 361 cieret,
211 298 291 368 ‘qna
305 293 455 360 incolumi,
469 294 576 354 infelix
603 294 721 370 quidem
743 295 970 366 matrimonium,

84 395 153 452 ‘sed
167 394 237 452 sine
258 394 367 460 exitio,
391 391 577 467 pertulisset?
616 394 811 470 Rostringitur
833 395 971 464 vinculis,

87 510 246 568 venaeque
281 491 346 550 eius
372 511 425 570 per
451 511 553 550 omnes
580 499 658 552 artus
685 491 894 554 exsolvuntur:
929 498 971 564 et,

88 592 156 666 quin
170 609 288 666 pressus
304 609 412 666 pavore
436 591 555 666 sanguis
577 595 685 652 tardius
709 596 869 661 labebatur,
891 610 972 668 prae·

90 692 204 750 lervidi
218 691 318 750 balnei
333 709 442 766 vapore
456 700 605 752 enecatur.
650 695 833 768 additurque
847 693 973 752 atrocior

92 791 231 858 saevitia,
247 793 323 866 quod
339 798 427 864 caput
441 799 630 866 amputatum,
645 795 793 868 latumque
817 793 849 852 in
864 795 972 862 urbem,

94 891 237 965 Poppaea
254 891 339 951 vidit.
367 892 455 948 Dona
469 893 507 948 ob
518 893 593 950 baec
609 893 725 966 templis
736 895 865 950 decreta.
887 891 973 964 Quod

95 992 133 1048 nd
154 1007 221 1050 eum
236 991 338 1071 'finem
362 991 599 1060 memoravimus,
622 997 663 1058 ut,
687 991 862 1067 quicumque
886 1008 972 1050 casus

95 1093 258 1164 temporum
270 1089 397 1156 illorum,
412 1089 496 1148 nobis
511 1092 559 1148 vel
570 1089 635 1149 aliis
648 1091 824 1160 auctoribus,
838 1095 973 1161 noscent,

95 1196 312 1264 praesumptum
346 1190 486 1258 babeant,
519 1188 653 1266 quotiens
687 1189 780 1276 iuges,
801 1195 832 1249 et
865 1190 973 1250 caedes

96 1289 180 1348 iussit
202 1289 357 1363 Princeps,
378 1289 487 1346 totiens
508 1295 605 1364 grates
630 1290 704 1348 Deis
729 1297 820 1356 actas,
842 1305 974 1365 quaeque

95 1407 190 1448 rerum
213 1375 409 1448 secundarum
430 1388 510 1456 olim,
531 1396 592 1446 tum
613 1389 747 1466 publicae
768 1389 862 1450 clariis
884 1389 974 1465 insig-

95 1489 259 1554 niaiuisse.
302 1489 407 1565 Neque
421 1499 519 1548 tamen
544 1471 703 1560 silebimus,
726 1489 752 1548 ei
776 1489 854 1565 quod
879 1489 971 1546 Sena-

94 1591 309 1647 tusconeultum
335 1588 504 1647 adulatione
531 1606 651 1656 novum,
676 1595 727 1646 eut
747 1586 892 1662 patientia
913 1603 977 1660 oos-

95 1693 245 1756 strcmum,
265 1688 330 1746 l'uit.
371 1687 484 1746 uocem
508 1705 588 1746 enno
611 1688 780 1746 libertorum
808 1686 976 1761 potissimos
986 1693 1028 1754 65

97 1806 217 1846 veneno
230 1787 414 1846 interfecisse
432 1787 560 1845 creditus
575 1791 638 1856 eet3
661 1788 868 1862 Doryphorum
892 1785 976 1862 quasi

97 1881 288 1946 aduersatum
322 1887 432 1961 nuptiis
477 1887 656 1961 Poppaeac3
690 1887 865 1955 Pallantem,
898 1885 977 1962 quod

96 1988 263 2046 inmensam
286 1986 441 2059 pecuniam
465 1989 553 2062 longa
577 1992 698 2044 senecta
722 1986 876 2044 detineret.
919 1987 977 2044 Ro·

96 2104 200 2146 manus
215 2086 338 2144 secretis
352 2085 606 2144 criminationibus
617 2085 806 2144 incusaverat
819 2086 977 2153 Senecam,

96 2192 129 2244 ut
143 2188 180 2245 G.
204 2186 322 2244 Pisonis
336 2185 465 2256 socium3
485 2187 538 2243 scd
552 2185 710 2242 validiora
732 2186 848 2242 Seneca
872 2185 977 2242 eodem

98 2286 225 2344 crimine
257 2287 405 2360 perculsus
439 2289 494 2342 esi.
555 2284 646 2342 Vnde
681 2285 785 2342 Pisoni
816 2283 912 2348 timor,
946 2285 978 2338 et

97 2392 163 2444 orte
186 2384 360 2442 insidiarum
383 2383 417 2442 iu
437 2385 588 2442 Neronem
613 2401 717 2458 magna
732 2384 834 2462 moles,
859 2381 911 2439 aed
934 2379 977 2438 in-

99 2501 249 2560 prospera.

131 2637 368 2701 cenomanen]
399 2636 561 2700 vernoune
572 2635 767 2686 enuncia

754 2801 838 2890 llll

846 2750 940 2842 ris
