2090 3838
15 205 16 208 ¹
98 173 172 242 202
388 191 643 241 nrsronrsnvu
825 195 856 242 s.
872 191 906 241 v.
923 195 975 244 aaa

97 351 142 404 tes
156 346 259 404 inerat.
279 363 385 419 umen
399 345 547 420 legionum
573 347 640 402 alae
666 345 859 421 cohortesque
889 363 973 420 prae·
1029 379 1030 440 l

98 447 267 504 veniebant.
310 447 349 504 Et
363 463 401 502 ex
415 445 478 517 ipra
493 449 562 502 urbe
577 446 654 502 baud
678 448 845 517 spernenda
859 463 974 512 manau,
1029 449 1030 506 1

98 545 225 620 quinque
240 545 407 604 Praetoriae
420 546 565 612 cobortes,
578 549 610 602 et
623 544 755 619 equitum
775 545 889 602 vexilla
904 561 974 602 oum

98 645 215 718 legione
242 644 349 718 prima:
380 661 416 701 ac
443 642 571 700 deforme
598 643 717 716 iusuper
740 643 894 701 auxilium.
915 645 973 700 duo

98 743 192 802 millia
217 743 416 817 gladiatorum,
435 743 486 798 sed
511 759 562 813 per
583 741 688 796 civilia
709 757 790 798 armo
817 742 908 797 etiam
929 758 973 798 se·
1029 767 1030 794 r

99 843 178 900 veris
201 843 334 898 Ducibus
356 843 530 912 usurpatum.
573 839 629 896 His
654 839 748 912 copiis
772 845 866 895 rector
894 839 974 896 addi·
1029 863 1030 900 l

98 945 144 998 tus
167 940 281 998 Annius
296 939 409 1005 Gallus,
432 955 499 996 cum
522 937 673 994 Vestricio
698 938 845 1010 Spurinna
869 939 908 994 ad
924 954 971 995 oo·

98 1040 247 1111 cupandas
280 1038 352 1094 Pedi
384 1039 461 1110 ripas
488 1037 679 1108 praemissus:
711 1036 850 1110 quoniam
878 1037 971 1108 prima

98 1135 285 1194 consiliorum
307 1136 410 1191 lrustra
440 1135 618 1202 ceciderant,
644 1142 823 1208 transgresso
843 1134 902 1192 iam
918 1136 968 1192 Al·

98 1251 150 1309 pes
165 1234 305 1298 Caecina,
319 1251 404 1307 quem
418 1233 483 1290 sisti
506 1223 582 1290 intio
596 1233 711 1290 Gallias
726 1243 810 1306 posse
835 1249 968 1306 sperave·

99 1339 150 1392 rat.
174 1334 272 1405 lpsum
287 1332 434 1390 Othonem
447 1333 660 1389 comitabantur
684 1335 899 1404 speculatorum
913 1333 968 1388 lec·
1029 1393 1030 1418 ¹

99 1438 129 1490 tr
150 1447 279 1504 corpora¹
301 1447 367 1488 cum
389 1433 496 1488 ceteris
527 1429 684 1488 Praetoriis
708 1431 887 1496 cohortibus,
919 1447 968 1486 ve·

99 1532 197 1590 terant
227 1547 244 1586 e
275 1528 432 1594 Praetorio,
466 1529 654 1586 classicorum
685 1529 790 1601 ingens
824 1545 967 1586 numerus.
1029 1521 1030 1558 ³

15 1627 18 1654 ¹
99 1629 167 1688 Nec
190 1628 236 1702 illi
260 1645 349 1702 segne
372 1634 421 1684 aut
435 1637 606 1700 conruptum
621 1630 691 1685 luxu
716 1627 790 1684 iter:
811 1629 864 1684 sed
880 1627 967 1684 lorica

98 1727 190 1784 ferrea
214 1743 281 1784 usus
305 1731 360 1793 est,
380 1733 409 1782 et
443 1732 511 1782 ente
539 1728 622 1800 signa
652 1727 796 1798 pedester,
827 1726 966 1792 horridus,
1029 1749 1030 1808 l

48 1809 87 1868 12
99 1825 272 1896 incomptus,
286 1825 435 1899 ternaeque
449 1824 607 1880 dissimilis.
659 1823 874 1882 Blandiebatur
883 1841 967 1898 coep
1029 1867 1030 1890 r

98 1923 135 1988 tis
164 1923 302 1989 Portuno,
334 1941 465 1996 possessa
496 1942 547 1996 per
576 1941 654 1981 mare
675 1929 705 1980 et
734 1941 827 1980 naves
860 1924 966 1982 maiore
1029 1939 1030 1944 ¹

98 2020 203 2078 ltaliae
218 2027 307 2094 parte,
330 2023 444 2094 penitus
465 2024 604 2098 usquead
627 2021 743 2080 initium
758 2023 967 2080 maritimarum

99 2119 227 2192 Alpium.
248 2120 349 2195 quibus
370 2121 527 2186 tentandis,
548 2121 819 2194 adgrediendaeque
853 2122 967 2194 proriu-
1029 2145 1030 2154 ¹

97 2219 162 2277 ciae
190 2219 384 2283 Narbonensi,
415 2220 553 2276 Suedium
578 2219 772 2285 Clementem,
803 2220 966 2278 Antonium

97 2318 267 2384 Nouellum,
284 2317 443 2376 Aemilium
458 2317 618 2376 Pacensem
630 2318 729 2374 Duces
743 2318 876 2374 dederat.
908 2319 966 2376 Sed
1029 2303 1030 2312 ἵ

97 2415 237 2474 Pacensis
269 2433 320 2488 per
350 2415 500 2472 licentiam
521 2416 645 2472 militum
665 2417 799 2473 vinctus:
833 2416 967 2474 Antonio

97 2515 227 2572 Novello
250 2515 329 2570 nulla
356 2514 527 2570 auctoritas:
561 2514 685 2571 Suedius
715 2515 858 2572 Clemens
876 2514 966 2572 ambi-

97 2610 172 2668 tioso
185 2612 307 2685 imperio
321 2614 446 2686 regebat,
468 2617 499 2670 ut
521 2613 660 2670 adversus
683 2612 856 2670 modestiam
878 2613 965 2670 disci·

95 2710 194 2782 plinae
216 2715 380 2782 coornptus,
406 2710 447 2766 ite
472 2711 649 2786 proeliorum.
668 2711 780 2768 avidus.
822 2711 894 2768 Non
910 2713 966 2768 tta·

95 2806 135 2866 lia
165 2806 246 2876 odiri,
277 2825 333 2866 uec
368 2811 432 2864 loca
459 2811 599 2883 sedesque
627 2809 738 2882 patriae
771 2809 963 2868 videbantur:

97 2909 241 2980 tamquam
256 2910 377 2963 externa
393 2907 477 2964 litora
498 2913 527 2964 et
541 2909 626 2964 urbes
646 2908 770 2964 bostium
785 2927 879 2978 urere,
903 2929 967 2968 vas·

96 3009 166 3070 tare,
190 3019 306 3078 rapere:
341 3021 377 3062 eo
398 3005 533 3074 atrocius,
558 3008 632 3080 quod
656 3007 729 3064 nihil
752 3025 874 3080 usquam
903 3027 965 3082 pro·

96 3103 191 3161 visum
209 3103 363 3160 adversum
396 3109 498 3160 metus.
540 3105 626 3162 Pleni
656 3106 726 3180 agri,
760 3112 881 3190 apertae
915 3109 964 3165 do-

95 3218 166 3258 mus.
195 3207 378 3258 occursantes
400 3201 510 3258 domini
534 3203 616 3260 iuxta
638 3205 777 3280 coniuges
793 3211 824 3262 et
848 3207 964 3276 liberos,

95 3298 249 3356 securitate
277 3297 356 3370 pacis
383 3302 413 3354 ct
437 3299 508 3356 belli
538 3303 615 3356 malo
646 3302 963 3364 circumveniebantur.

96 3393 258 3455 Maritimae
273 3399 333 3454 tum
348 3397 439 3470 Alpes
454 3399 573 3454 tenebat
587 3399 759 3482 Procurator
775 3401 888 3462 Marius
902 3406 965 3466 illa·
