2158 3820
94 162 211 218 scas.
340 109 411 220 nur.
428 171 486 222 xr.
527 172 607 222 ose.
626 156 792 224 12.-lt.
910 155 957 226 ol

94 322 142 380 llis
166 327 256 400 etque
277 325 384 384 talibus
405 327 437 386 in
464 345 617 388 eomundus
649 331 769 398 alseres,
796 329 841 409 (et
865 335 960 402 mut,

92 441 156 496 quos
191 424 324 498 periente
356 425 475 485 fratrum
510 433 560 486 aut
588 429 812 504 propinquorum
837 431 959 506 propriis

93 523 213 588 sliarulis
234 521 444 602 incenderent)
458 527 632 584 continuans
654 528 706 586 dis
737 535 880 604 nostuque
902 531 962 590 lter

94 623 292 694 properabunt.
347 623 450 697 quue
476 625 617 684 intentius
639 627 804 702 Vologeses
831 615 1012 702 premerem

95 721 230 789 obseuon
253 722 341 780 modo
368 724 478 780 vallum
505 725 661 798 legionum,
684 727 773 784 nrudo
799 728 960 795 castellum,

96 835 147 892 quo
161 819 278 878 inbellis
303 827 384 878 setas
406 821 623 891 defendebatur,
644 825 823 898 adpugnare,
844 826 960 900 propius

96 917 241 987 incedens,
261 936 349 994 quern
371 937 433 976 rues
457 921 580 988 Parthis,
603 922 629 979 si
652 941 688 980 ea
713 924 876 982 temeritate
896 924 959 982 bos·

97 1021 152 1074 tem
174 1017 203 1074 in
226 1019 368 1091 praelians
387 1018 528 1078 eliceret'
561 1022 604 1079 At
626 1021 670 1080 illi
690 1023 742 1080 rix
761 1022 958 1082 contuberniis

96 1117 235 1174 extracti:
269 1134 327 1174 nee
354 1118 433 1176 aliud
468 1135 554 1194 quum
588 1120 767 1180 munimenta
800 1139 960 1196 propugne-

97 1214 175 1273 leur:
204 1232 271 1288 pars
291 1215 370 1273 iussu
396 1216 499 1285 Dueis,
520 1222 551 1274 et
575 1217 627 1276 alii
648 1219 760 1292 propria
783 1220 960 1296 ignaris,ut

95 1311 288 1372 Corbulonem
311 1315 506 1390 opperientes,
528 1332 573 1384 so,
597 1316 623 1374 si
646 1317 690 1376 vie
717 1318 874 1394 ingrueret,
897 1335 961 1392 pro·

96 1413 163 1472 risis
191 1415 338 1487 exemplis
373 1413 524 1474 Caudinae
558 1431 594 1474 aa
624 1416 823 1474 Numantinae
855 1417 961 1476 eladis,

96 1515 206 1587 ‘neque
234 1513 360 1570 eandem
393 1513 455 1572 einr
491 1514 678 1584 Samnitibus,
705 1515 812 1572 italien
844 1517 960 1588 populo,

96 1615 160 1668 ‘eut
174 1611 327 1686 Hispanis,
341 1627 377 1669 ae
397 1611 522 1681 Parthis,
547 1613 673 1670 Romani
698 1611 817 1685 lrnperli
830 1611 961 1672 aemulis:

96 1711 254 1769 ‘Validam
283 1727 394 1786 quoque
419 1717 451 1768 et
473 1713 621 1770 teudeiam
647 1710 858 1785 antiquitatem,
893 1725 961 1785 quo·

95 1809 186 1866 ‘tiens
221 1811 354 1868 Fortuna
385 1814 488 1868 eontrs
520 1811 612 1877 daret,
644 1807 731 1868 seluti
762 1806 961 1869 mantue?

96 1908 158 1980 Qua
186 1907 390 1982 desperatione
418 1907 566 1966 exereitus
595 1908 665 1966 Dus
688 1909 833 1976 rubeatus,
852 1909 959 1982 priores

95 2011 191 2066 tsnren
205 2007 319 2064 litteras
340 2009 377 2063 ad
399 2007 578 2082 Vologesen,
600 2025 659 2066 non
679 2007 835 2081 suppliees,
861 2008 913 2065 sed
926 2007 959 2066 iri

94 2107 207 2164 :nodum
235 2105 393 2179 querentis,
411 2106 593 2179 sumpserit,
613 2106 705 2181 ‘quod
732 2123 784 2179 pro
800 2105 959 2174 Armeniis,

96 2211 225 2278 ‘semper
239 2205 391 2262 Romsnae
404 2203 533 2272 ditionis,
553 2209 603 2262 aut
614 2204 754 2262 subiectis
775 2204 860 2278 Regi,
874 2217 961 2278 quen

95 2303 276 2377 ‘insperatos
302 2302 467 2376 delegisset,
495 2302 612 2360 hostilia
638 2303 764 2361 laceret:
785 2318 888 2375 pseesn
920 2317 960 2360 ex

96 2404 206 2478 ‘nequo
230 2401 343 2458 utitem.
365 2418 421 2458 nee
434 2401 598 2474 praesentia
612 2405 725 2458 teutone
737 2403 898 2473 spectaret:
918 2397 961 2472 ip·

95 2505 176 2558 ‘sunr
199 2501 341 2557 adversus
372 2501 443 2557 duas
467 2499 607 2575 legiones,
630 2499 699 2557 totis
728 2497 824 2572 liegui
852 2497 960 2558 viribus

93 2599 290 2658 ‘advenisset
311 2603 342 2656 at
366 2599 505 2656 Romanis
531 2600 631 2657 orbem
653 2603 790 2656 terrarunr
812 2598 961 2674 reliquum,

95 2705 170 2775 ‘quo
189 2701 300 2757 bellum
313 2698 468 2756 iuvarent!
511 2698 559 2756 Ad
581 2715 616 2755 ea
637 2699 808 2772 Vologeses,
823 2698 896 2756 nllrit
910 2717 961 2774 pro
974 2711 1013 2770 14

93 2799 272 2865 eausaa,‹sed
287 2798 497 2871 ‘opperiendos
511 2797 567 2854 sibi
579 2797 690 2867 iratres,
701 2799 843 2858 Pacorum
856 2816 893 2856 se
908 2799 961 2858 'Pi-

96 2896 246 2964 ‘rideten’
256 2897 416 2968 rescripsit:
431 2899 526 2954 lenum
534 2897 593 2954 illis
603 2903 770 2972 tempusque
779 2897 903 2956 oonsilio
913 2899 961 2955 de·

94 2998 264 3080 retiarium,
272 3014 328 3072 quo
337 2999 374 3054 de
387 2997 528 3056 Armenia
536 3001 701 3054 cernerent:
712 2993 870 3067 (adiecisse
880 2997 964 3054 Deos

93 3093 961 3173 ‘dignumArsnoidarum‚)simuletdelegionibusllomanir

94 3193 290 3254 ‘statuerent’
305 3191 389 3252 Missi
402 3202 492 3268 posta
504 3195 704 3261 Paelonunlii‚
713 3200 743 3252 et
754 3200 762 3227 ‘
773 3193 862 3266 Regis
872 3195 960 3250 eollo

95 3293 222 3370 ‘quium'
232 3295 365 3368 petitum,
379 3293 446 3368 qui‘
459 3293 798 3360 Vasaoen,Praeleotum
808 3290 961 3361 equitatus,

97 3393 166 3452 ‘ire'
179 3391 275 3451 iussit.
316 3392 396 3448 Tum
410 3391 527 3456 Paetus,
541 3397 548 3422 ‘
560 3391 708 3452 Lucullos,
722 3383 887 3452 Pompeios,
899 3379 964 3434 etti

97 3499 105 3530 ⁶
117 3510 172 3573 qus
181 3493 327 3556 Caesares
338 3490 515 3552 obtinendae
523 3487 716 3550 donandaeve
729 3475 889 3565 Armeniae
899 3485 964 3539 es*
