2114 3830
87 172 159 244 386
391 197 641 246 rrrsnorusnvu
806 201 834 245 a
852 193 887 244 v.
903 195 956 243 aar.

86 349 234 410 ‘omnium
248 351 324 412 inter
336 369 368 408 se
382 351 511 426 gentium
521 347 685 410 exsistenti
703 350 956 424 Octingeatorum

89 456 245 508 ‘surranum
267 451 378 508 fortuna
391 451 601 524 disciplinaque
625 467 782 522 compages
795 451 868 506 baec
883 465 956 506 coa·
1046 469 1047 492 t

86 551 168 618 ‘luit,
181 567 254 626 quae
267 550 406 617 convelli,
425 550 489 608 sine
512 550 605 606 exitio
627 550 865 617 convellentium,
888 567 953 606 non
1046 493 1048 578 ι

88 655 96 682 ‘
105 655 208 724 potest.
249 649 310 708 Sed
324 649 407 706 vobis
427 647 584 708 maximum
597 647 763 715 discrimen,
778 665 865 720 peaes
875 665 959 723 qnos

87 755 205 809 ‘astrum
219 753 250 806 et
263 765 343 822 opes,
357 748 510 820 praecipue
525 749 663 808 bellorum
677 763 807 804 caussae.
846 746 951 804 Proin
1047 779 1048 796 ,

90 848 144 904 ‘de
166 865 267 920 pacem
288 853 318 902 et
333 848 441 913 urbem,
455 863 540 921 quam
555 847 628 904 victi
642 845 823 920 victoresque
843 847 953 902 ecdem

88 947 168 1004 ‘iure
181 945 353 1012 obtinemus,
366 951 472 1013 amate,
484 945 583 1002 colite.
624 943 768 1002 Moneaot
782 961 834 1001 vos
847 945 950 1000 utrius·

88 1053 160 1120 ‘que
169 1046 299 1104 fortunae
313 1045 496 1111 documenta,
507 1061 545 1100 ne
556 1042 845 1100 coutumaciamoum
856 1041 949 1116 perni-
1047 1067 1048 1070 ¹

88 1144 160 1210 ‘oie,
174 1159 259 1216 quam
272 1142 441 1217 obsequium
453 1159 520 1198 cum
534 1140 700 1207 securitate,
711 1137 838 1196 malitis'
877 1139 950 1200 'lali
1047 1161 1048 1186 t

87 1240 217 1298 oratione
243 1241 378 1313 graviora
410 1245 573 1298 metuentes
598 1238 761 1310 composuit
787 1239 945 1312 erexitque.

36 1317 75 1378 75
89 1339 280 1398 Tenebantur
303 1339 414 1396 victore
437 1337 569 1396 exercitu
594 1335 729 1403 Treveri,
752 1353 821 1394 cum
843 1335 949 1394 Civilis

88 1442 118 1494 et
133 1438 278 1494 Classicus
301 1438 403 1494 misere
424 1437 561 1510 epistolas
586 1436 626 1492 ad
653 1435 810 1502 Cerialem,
831 1451 941 1509 quarum

88 1537 161 1596 haec
175 1538 321 1616 seqtentia
335 1536 395 1594 tuit.
437 1541 445 1567 ‘
457 1535 683 1608 Vespasianum,
693 1531 866 1609 quamquam
879 1551 942 1592 nuo

88 1635 163 1692 ‘tios
195 1638 384 1702 occultarent,
417 1635 580 1692 excessisse
614 1633 686 1690 vita.
726 1633 840 1691 Vrbem
863 1635 944 1708 atque

87 1733 225 1792 ‘ltaliam
252 1733 367 1794 iuterna
393 1735 470 1790 bello
493 1737 703 1805 consumptam.
745 1731 880 1790 Muciani
912 1748 945 1788 aa

87 1837 95 1864 ‘
106 1831 267 1890 Domitiani
282 1849 358 1890 uana
371 1838 401 1890 et
414 1832 478 1890 sine
490 1831 599 1890 viribus
609 1830 735 1888 nomina.
778 1829 812 1888 Si
824 1829 949 1888 Cerialis

87 1929 257 2002 ‘imperium
271 1931 434 1988 Galliarum
456 1930 538 1996 velit,
561 1932 639 2002 ipsos
664 1927 768 1986 tinibus
793 1927 951 1988 civitatum

88 2035 216 2088 ‘suarum
231 2035 405 2100 contentos;
435 2029 459 2085 si
475 2029 613 2101 proelium
628 2026 719 2093 malit,
734 2044 771 2082 ne
786 2026 816 2083 id
831 2027 945 2101 quidem

88 2127 248 2186 ‘abunere’
291 2130 339 2186 Ad
353 2146 389 2184 ea
403 2127 526 2205 Cerialis
540 2125 631 2183 Civili
646 2130 677 2182 et
697 2123 831 2182 Classico
852 2125 948 2182 nihils

88 2245 164 2295 eum,
177 2227 228 2303 qui
248 2229 388 2286 adtulerat
411 2227 487 2300 ipsas
508 2226 655 2298 epistolas,
682 2224 720 2280 cd
744 2223 947 2281 Domitianam
1046 2249 1047 2260 κ

24 2401 28 2408 Α
88 2326 177 2388 misit.
219 2327 333 2393 llostes,
366 2324 469 2386 diuisis
496 2323 602 2396 copiis,
631 2323 778 2380 advenere
811 2322 947 2396 undique.

89 2424 223 2500 Plerique
253 2426 410 2498 culpabant
440 2423 594 2488 Cerialem,
625 2436 739 2492 passum
766 2418 860 2492 iungi,
879 2437 948 2494 quor

88 2523 227 2582 discretos
253 2524 425 2596 intercipere
454 2521 596 2581 licuisset.
632 2519 781 2576 Romanus
800 2520 947 2576 exercitus
998 2591 1001 2598 ⁴

89 2629 182 2680 castra
197 2623 272 2680 sessa
286 2625 419 2696 ualloque
432 2617 631 2692 circumdedit,
650 2617 715 2690 quis
739 2622 847 2674 temere
862 2621 948 2676 antea

89 2721 190 2780 intutis
204 2725 383 2782 consederat.
426 2723 511 2794 Apud
524 2721 686 2780 Germanos
696 2717 822 2774 diversis
833 2725 948 2776 senteu-

38 2816 137 2880 tortis
164 2823 335 2880 certabatur.
377 2819 492 2886 Civilis,
515 2817 721 2890 ‘opperiendae
749 2815 947 2874 Transrhena-

90 2924 212 2978 ‘norum
230 2927 341 2994 gentes,
365 2935 482 2998 quntum
507 2923 612 2976 terame
635 2915 743 2974 tractae
768 2913 874 2987 Populi
895 2915 948 2972 Re-
1011 2985 1018 3000 υ

90 3094 113 3136 et
123 3107 162 3138 nos
172 3093 278 3149 videmus,
289 3092 461 3152 videbmursque,
472 3092 584 3152 quamdiu,
594 3095 654 3136 secta
665 3089 686 3134 in
696 3092 732 3133 tot
743 3087 850 3144 dominos,
860 3088 954 3150 Europa
1045 3115 1046 3118 =

89 3165 133 3195 non
143 3153 218 3197 audiet
229 3152 291 3196 uulua
306 3151 396 3205 aurigae
414 3152 518 3196 habenas,
553 3149 682 3196 Plutarchus
697 3147 765 3205 igitur
779 3161 832 3192 vere
846 3147 876 3192 de
885 3147 951 3196 Fort,

89 3208 154 3252 Rom.
172 3224 193 3267 p.
211 3213 260 3254 316.
291 3208 413 3264 Imperium
432 3207 560 3257 Romnum
578 3209 638 3254 uelut
655 3206 772 3260 nminem
788 3219 838 3257 esse,
854 3205 951 3266 scripsit,

80 3263 206 3322 fluctuanti
215 3266 303 3311 mnam.
311 3265 378 3318 ,Sall
389 3265 419 3307 sic
427 3267 455 3308 ad
465 3267 584 3312 Caesarem
595 3269 616 3311 in
627 3269 682 3310 finer
698 3264 785 3320 Quippe
794 3264 814 3309 ri
823 3265 897 3309 morbo
905 3265 950 3311 inor

87 3327 126 3366 cut
132 3324 185 3376 suto
193 3324 246 3386 lapte
260 3321 356 3376 imperio
370 3335 431 3365 serus
443 3325 535 3374 occidet,
551 3326 590 3370 cui
603 3325 699 3370 dubium
713 3327 750 3376 esi,
765 3324 821 3381 qttt'n
829 3337 869 3378 pes·
877 3324 950 3368 ortes

86 3382 198 3425 terrarum
208 3380 302 3431 castitas,
312 3378 375 3430 delta,
391 3379 464 3423 medes
472 3382 583 3426 emantur.
604 3382 665 3438 Ia'pr.
699 3383 790 3441 Europa
802 3395 870 3440 nuper
880 3383 951 3428 uates

85 3437 179 3502 sarigqe
192 3436 289 3502 ,tamna
306 3433 406 3494 audivitp
422 3439 588 3502 remediumque
607 3441 650 3489 hcc
667 3441 779 3490 malorum
794 3439 881 3488 invenit
894 3441 959 3492 mala

83 3502 133 3550 rpso
140 3493 221 3542 milltes
230 3493 298 3553 pejus.

331 3573 344 3606 s
