2090 3838
101 171 225 222 son.
325 173 395 220 nin.
422 173 458 220 rr.
507 173 584 220 ose.
612 153 779 221 rsa-3⁴.
896 153 968 222 217

100 327 288 382 certandum:
310 325 398 382 irater
411 311 473 382 eius
488 325 637 396 Titianus,
651 332 681 384 et
696 327 862 384 Praefectus
886 327 970 384 Prae·

101 425 171 482 torii
192 425 341 490 Proculus,
366 425 502 496 inperitia
530 431 725 499 properanter,
746 428 924 486 ‘Fortunam
939 431 970 484 et
1034 477 1035 486 ,

100 523 201 580 ‘Deos
227 529 257 579 et
280 525 398 580 Numen
424 523 548 580 Othonis
575 526 680 582 edesse
704 524 846 590 consiliis,
873 526 970 582 adlore

102 620 290 688 ‘.conatibus‚’
313 623 501 678 testabuntur.
532 641 587 678 neu
611 625 675 697 quis
699 624 818 680 obviarn
841 623 882 678 ire
907 641 971 680 seu·

101 722 211 780 tentius
224 723 356 786 auderet,
378 721 409 776 in
423 721 618 778 adulationem
633 727 848 778 concesserant.
891 721 973 778 Post·

101 837 186 894 quam
201 819 326 894 pugnari
341 819 488 891 placitum,
513 819 670 876 ‘interesse
687 837 799 894 pugnae
815 822 972 892 imperato·

103 922 190 985 ‘rem‚
216 935 255 975 an
284 917 388 989 seponi
415 917 518 974 melius
546 916 637 998 iuret?
666 920 846 976 dubitavere.
889 920 973 976 Paui-

105 1016 166 1074 liuo
178 1022 209 1074 et
224 1017 316 1076 Celso
331 1015 388 1072 iam
404 1033 461 1072 non
485 1017 714 1084 adversantibus,
743 1036 779 1074 ne
805 1019 972 1092 Principem

100 1115 250 1172 obiectare
274 1114 413 1189 periculis
438 1114 615 1182 viderentur,
640 1116 728 1172 iidem
754 1116 796 1174 illi
820 1118 971 1176 deterioris

101 1215 218 1272 consilii
242 1220 375 1270 suctores
390 1216 548 1286 perpulcre,
573 1219 620 1270 ‘ut
641 1215 801 1272 Brixellum
829 1217 971 1274 concede·

102 1319 173 1380 ‘ret‚
187 1329 233 1378 uc,
254 1313 350 1369 dubiis
371 1312 543 1385 proeliorum
558 1320 719 1385 exemptus,
733 1331 861 1372 summae
878 1331 971 1372 rerum

90 1417 150 1468 .⁸et
180 1411 301 1484 imperii
327 1429 359 1466 se
386 1411 478 1484 ipsum
502 1411 681 1468 reservaret)
723 1414 752 1470 ls
778 1415 883 1486 primus
907 1415 970 1470 dics

102 1512 290 1571 Othonianas
304 1517 399 1584 partes
413 1511 536 1568 addixit.
553 1527 675 1585 namque
689 1517 718 1567 et
733 1529 798 1568 curn
811 1512 874 1584 ipso
887 1513 972 1569 Prae·

103 1613 240 1668 toriurum
253 1610 415 1666 cohortium
436 1616 466 1666 et
490 1613 701 1682 speculatorum
716 1595 899 1683 equitumque
925 1627 972 1666 vu·

102 1709 162 1768 lida
176 1727 280 1768 munus
295 1707 439 1774 discessit,
453 1714 482 1764 ct
497 1709 707 1766 remanentium
721 1708 829 1766 tructus
843 1708 972 1766 animos:

102 1811 219 1885 quaudo
233 1807 361 1880 suspecti
387 1808 496 1873 Duces,
522 1813 551 1864 et
566 1812 597 1863 ot
624 1807 733 1864 Othoni
747 1807 798 1864 uni
825 1809 900 1880 opud
922 1807 973 1864 rui·

102 1908 184 1966 litem
199 1907 281 1972 tides,
301 1907 368 1964 dnm
397 1912 428 1962 et
454 1905 516 1978 ipse
545 1924 603 1962 non
629 1906 684 1962 uisi
709 1905 847 1966 militibus
870 1909 973 1975 credit,

103 2005 229 2078 irnperio
245 2005 361 2062 Ducum
375 2003 406 2060 in
428 1989 541 2062 incerto
562 2005 723 2079 reliquerat.
752 2001 848 2064 'Nihil
873 2018 1025 2076 eorum32

105 2103 289 2162 Vitellianos
322 2103 452 2170 fallebat,
490 2103 607 2170 crebris,
642 2109 671 2161 ut
704 2105 734 2162 in
768 2105 852 2162 civiti
885 2107 971 2174 bello,

98 2202 288 2276 transfugiis:
309 2209 339 2258 et
361 2203 568 2274 exploratores,
592 2220 660 2260 curn
682 2202 799 2260 diuersa
822 2203 972 2260 sciscitan-

101 2299 144 2367 di,
172 2317 225 2357 sua
255 2317 314 2356 non
342 2301 538 2358 occultabant.
581 2301 681 2373 Quieti
708 2300 871 2375 intentique
900 2301 972 2358 an-

101 2399 173 2457 cina
197 2415 233 2454 nc
258 2398 381 2464 Valens,
405 2399 519 2472 quando
546 2399 637 2454 bostis
661 2397 846 2470 inprudentia
870 2404 972 2465 rueret,

101 2497 180 2570 quod
205 2489 457 2569 iooo'sspientine
486 2501 539 2563 est,
563 2496 688 2552 alienum
710 2494 862 2552 stultitiam
886 2513 972 2570 oppe-

102 2597 262 2662 riebantur,
287 2595 427 2652 inebosto
451 2601 539 2668 ponte
563 2594 715 2653 transitum
741 2595 814 2652 Padi
837 2595 973 2654 simulan-

102 2699 159 2761 tes,
172 2695 312 2751 adversus
336 2693 497 2766 oppositam
519 2694 709 2768 gladiatorum
737 2712 863 2765 manum,
884 2713 920 2754 ac
934 2715 972 2754 ne

101 2791 232 2866 ipsorum
257 2791 341 2850 miles
369 2809 459 2866 segue
487 2792 578 2850 otium
603 2798 717 2851 tereret.
771 2795 883 2862 Neres,
910 2795 972 2870 pari

102 2890 350 2964 interscapulis„
373 2890 480 2964 validis
504 2890 645 2964 utrimque
660 2891 786 2950 trabibus
809 2911 973 2962 connexae,

103 2991 261 3052 adversum
275 2989 307 3046 in
321 2989 428 3048 flumen
451 2988 657 3063 dirigebantur,
680 2989 766 3048 iactis
780 3009 865 3066 super
887 3010 974 3050 anco·

94 3134 99 3148 ἢ
136 3163 337 3221 importunarum
345 3163 372 3209 in
381 3162 463 3210 incerto
471 3161 599 3232 reliqueret]
617 3163 735 3218 Effecernb
752 3169 777 3211 ot
787 3163 879 3226 imperia
888 3165 974 3214 Ducum

105 3221 154 3269 sine
172 3223 193 3266 vi
212 3222 398 3283 errent,qunndo
416 3222 542 3269 militesne
561 3235 605 3269 non
624 3222 677 3269 estis
697 3225 797 3281 fiderent,
812 3225 914 3282 adeoque
933 3237 974 3268 nec

107 3285 197 3343 promte
207 3287 319 3342 parerent.
350 3281 410 3328 Ero.

136 3359 202 3406 Coro
217 3359 304 3406 diuerso
322 3358 457 3418 scirdlondr]
489 3358 547 3406 Dum
563 3359 665 3418 quinque,
682 3357 818 3416 iubentium
836 3356 936 3414 partibus
950 3361 973 3400 et

106 3417 186 3465 castris
196 3417 251 3477 quid
260 3421 371 3476 ageretur,
383 3417 500 3477 explorare
510 3421 606 3463 tentent
638 3415 698 3460 Em.

145 3516 217 3558 von.
239 3516 275 3556 rr.
544 3491 581 3551 19
