2158 3820
1058 59 1059 100 l

137 130 263 183 acea
337 131 508 182 ura.x1r.
561 131 638 182 aar.
670 113 841 185 54.-57.
968 117 1018 188 39
1058 107 1059 142 ³

137 289 232 364 ‘quod
254 305 401 362 praeaeua
426 289 722 362 enuditiopuaeebat,
737 290 858 359 ratione,
881 291 1017 364 coneilio,

137 387 322 462 ‘praeceptis
349 388 517 462 pueritiam,
545 389 614 446 dein
629 371 781 448 iuventam
795 407 891 452 meam
905 391 1018 452 lonleii.

136 489 196 548 ‘ill
211 495 262 548 tua
275 487 396 564 quidem
410 505 479 564 erga
495 505 543 546 me
568 506 699 558 munera,
713 493 781 549 dum
796 493 857 550 viia
872 497 1018 568 suppetet,

139 594 279 647 ‘aeterna
299 595 401 646 erunt:
425 607 498 664 quae
514 605 532 646 a
546 605 593 646 me
613 589 715 657 habea,
743 591 820 649 horti
833 599 862 648 el
883 592 965 650 senua
986 593 1018 650 ei

138 687 390 755 ‘villammeium
404 689 534 747 obnoxia
548 695 625 748 aunt.
639 707 686 757 ae,
700 687 770 748 lieet
794 693 883 748 mulla
898 691 1017 752 videau-

140 792 212 856 ‘iur,
227 789 370 864 plerique,
381 789 605 864 haudquaquam
625 789 736 848 artibus
751 789 808 848 luia
823 807 916 865 parea,
936 792 1017 866 plura

141 889 324 946 ‘tenuerunt
382 887 480 946 Pudet
505 889 611 946 referre
646 889 807 958 libertinae,
828 889 876 966 qui
896 889 1017 948 dillorea

140 992 338 1061 ‘spectantun
380 989 470 1046 Vnde
481 987 572 1047 etiem
586 990 681 1047 rubori
697 989 768 1048 mihi
782 996 836 1058 eet,
846 989 921 1068 quod
937 1005 1017 1062 prae·

139 1087 259 1160 ‘eipuue
279 1087 414 1155 caritate,
435 1091 563 1146 nondum
590 1107 693 1148 omnes
712 1089 826 1148 lurtnna
850 1089 1016 1148 antecellit.

136 1187 267 1252 ‘Verum
281 1193 312 1244 et
331 1185 496 1246 libivalida
521 1195 612 1256 aetas,
642 1191 784 1263 rebusque
798 1194 829 1246 et
852 1188 959 1248 irueiui
974 1182 1059 1246 re-tt

137 1295 220 1346 ‘rum
234 1288 402 1346 sufficient:
423 1293 454 1346 et
481 1297 534 1346 net
559 1275 652 1362 prima
667 1287 786 1364 Imperii
805 1290 899 1363 apella
922 1288 1017 1364 ingre·

131 1387 267 1448 edimur:
290 1387 347 1444 niai
358 1387 432 1444 iorle
446 1394 495 1445 eut
511 1395 540 1445 te
554 1387 681 1445 Vitellio
692 1395 737 1450 ier
752 1387 886 1456 Contuli,
901 1393 952 1445 aut
969 1401 1016 1446 me

136 1486 462 1561 ‘Claudiopoelponia
505 1488 575 1554 Sed,
602 1492 742 1562 quantum
771 1487 898 1544 Voluelo
928 1488 1018 1560 longa

115 1587 343 1663 ·⁴pareimunia
363 1587 519 1662 quaesivit,
540 1593 652 1644 iunium
676 1585 708 1643 iu
723 1593 753 1644 te
778 1601 844 1644 mea
857 1583 1017 1643 liberaliter

139 1690 277 1762 ‘explere
292 1685 350 1745 nn'u
363 1691 466 1761 polest.
510 1687 600 1760 Quin,
611 1685 637 1743 ei
651 1703 707 1761 qua
723 1685 753 1742 in
769 1691 851 1759 parte
873 1685 1017 1744 lubricum

138 1788 376 1847 ‘adolescentiae
390 1794 506 1845 nostrae
520 1787 660 1853 deeliuat,
671 1801 812 1855 revocem
825 1789 1017 1862 ornatumque

134 1891 239 1948 ‘robur
266 1888 397 1946 subsidio
415 1886 591 1961 'impensius
626 1886 713 1959 regia.
757 1886 827 1944 Non
863 1891 917 1958 lnu¹
954 1901 1015 1943 mn

133 1989 278 2056 ‘deratim
313 1987 340 2046 ei
365 1987 526 2046 reddideris
563 1985 739 2060 pecuniam3
783 1998 839 2043 nee
868 1984 960 2060 quiea,
987 1986 1014 2043 ai

138 2087 311 2164 ‘reliqueris
346 2087 534 2162 Principem,
566 2088 620 2144 aed
655 2103 720 2144 mea
752 2084 886 2155 avaritia,
926 2101 1011 2143 meae

139 2188 343 2248 ‘crudelitatis
378 2194 470 2247 metue
510 2188 542 2246 in
576 2201 627 2244 ure
667 2185 798 2244 omnium
836 2187 1007 2245 versabitur.

137 2291 244 2365 ‘Quod
271 2290 298 2349 al
327 2289 455 2348 maxime
478 2287 665 2347 coutinentia
695 2293 745 2344 tua
767 2287 910 2354 laudetur,
952 2299 1013 2344 non

137 2395 259 2450 ‘tamen
288 2389 416 2463 sapienti
438 2387 502 2447 viro
526 2389 664 2448 denorum
689 2386 785 2454 luerit,
807 2387 884 2444 unde
916 2385 1013 2444 amieo

138 2493 315 2552 'infamiam
329 2499 421 2567 paret,
446 2492 517 2550 iude
537 2492 660 2566 glorium
673 2490 729 2549 sibi
753 2485 905 2566 recipere?
956 2488 1012 2548 liis

135 2593 241 2653 adiieit
275 2595 465 2667 complexum
498 2599 529 2651 ei
556 2594 666 2658 osenla,
706 2590 800 2649 laalua
835 2594 947 2660 natura,
980 2592 1012 2647 et

19 2725 20 2736 κ
137 2693 352 2754 ωῃωείιιᾱὶηο
366 2693 522 2760 exereitus,
538 2691 636 2749 velere
650 2691 749 2750 odium
769 2691 921 2749 lallaeibua
934 2691 1014 2748 blun-

135 2793 230 2853 ditlie.
273 2793 389 2852 Seneca
413 2789 476 2868 (qui
500 2791 567 2850 finis
591 2791 721 2850 omnium
748 2809 815 2850 eum
841 2791 1013 2852 dominante

136 2887 320 2970 sermonum)
343 2898 438 2967 grates
459 2879 537 2966 agite
558 2893 610 2949 aed
628 2872 768 2950 ¹instituta
790 2891 892 2966 prioris
913 2895 1013 2966 pulen-

138 2993 199 3053 liae
223 2997 403 3050 commutat:
431 2991 564 3066 prohibet
588 2996 689 3050 ceetua
710 2991 915 3050 salutantium:
937 2989 1014 3048 vilui

138 3091 338 3163 eomitantee3
378 3107 457 3150 rurus
485 3109 536 3166 per
569 3093 691 3162 uiuente
725 3090 806 3166 quasi
840 3087 1012 3148 valetudine

139 3193 256 3250 infense
270 3196 320 3250 aui
334 3191 498 3264 sapientiae
512 3191 617 3253 eludiie
643 3190 830 3248 adtinerelur.
873 3187 1013 3247 Pereuleo
1023 3179 1059 3244 ui

136 3293 265 3360 Seneca,
294 3296 458 3366 promptum
481 3289 544 3359 luit,
559 3291 669 3350 liulum
684 3288 812 3348 Fenium
835 3286 1012 3351 inminuere,

137 3389 315 3469 Agrippinae
336 3387 492 3448 amiciliam
505 3390 539 3448 in
555 3407 592 3447 eo
614 3385 858 3445 criminantium:
879 3375 1016 3435 validior·

141 3509 198 3570 que
212 3489 326 3552 indies
345 3488 525 3566 Tigellinus,
547 3496 578 3544 et
598 3487 691 3544 malae
716 3484 801 3547 antee,
823 3474 926 3551 quibua
946 3468 1016 3524 toli!

1030 3637 1059 3735 ¹,l
