2118 3848
91 215 135 260 A.
159 213 190 260 c.
208 217 244 261 n.
392 211 463 260 ars.
490 213 537 260 tv.
588 211 666 258 cae.
695 189 753 258 85.
919 191 990 260 395

95 365 277 440 respondit.
333 367 394 424 Sed
419 366 584 435 Mucianus,
605 367 681 441 quod
704 365 755 422 diu
782 367 992 432 occultaverat,

97 469 149 521 ut
172 483 274 540 recens
294 465 492 539 exprompsit:
514 465 670 539 ‘quoniam
692 464 871 538 benignitate
897 465 993 520 Deum

99 563 250 620 ‘fractae
265 565 344 621 vires
364 565 492 622 hostium
512 564 616 630 locent,
636 580 735 636 parum
759 565 865 620 decore
893 563 993 620 Domi-

103 668 116 694 ‘
135 662 261 730 tionum,
274 663 411 721 conlecto
426 681 514 737 prope
528 665 616 730 betto,
636 663 752 720 alienae
765 663 876 736 gloriae
902 663 994 720 inter·

104 766 118 793 ‘
144 767 309 828 venturum.
352 763 385 820 Si
406 769 498 820 status
518 761 637 834 imperii
661 767 711 818 aut
731 765 809 819 salus
831 761 994 820 Galliarum

105 859 170 915 ‘in
201 861 370 918 discrimine
403 866 572 926 verteretur,
603 860 738 918 debuisse
773 863 932 918 Caesarem
960 863 991 920 in

109 955 121 983 ‘
137 958 205 1015 acie
225 965 320 1018 stare:
343 961 532 1018 Oanineiates
548 961 734 1035 Batavosque
759 963 917 1019 minoribus
933 964 993 1020 Du·

107 1065 120 1092 ⁸
135 1059 222 1115 cibus
236 1061 423 1133 delegandos.
466 1059 534 1130 lpse
556 1060 692 1132 Lugduni
713 1061 774 1118 vim
793 1061 993 1136 fortunamque

112 1161 125 1188 ⁴
142 1158 358 1231 Principatusa
380 1158 513 1232 proximo
536 1163 706 1226 ostentaret,
727 1177 783 1217 nec
804 1160 902 1233 parvis
923 1161 995 1233 peri·

114 1265 124 1291 ²
140 1259 215 1316 culis
231 1259 382 1327 inmixtus,
401 1265 432 1314 et
447 1258 601 1316 maioribus
627 1277 685 1316 non
698 1258 866 1317 defuturus?
906 1261 994 1318 Intel-

115 1357 286 1432 ligebantur
300 1364 393 1415 artes:
414 1360 466 1415 sed
488 1376 552 1432 pars
565 1359 697 1432 obsequii
720 1359 816 1426 ineo,
837 1377 874 1416 ne
895 1361 994 1432 depre-

117 1459 325 1516 henderentur.
346 1457 387 1514 ita
411 1459 585 1532 Lugdunum
614 1463 743 1514 ventum.
783 1459 873 1514 Vnde
900 1459 993 1515 credi-

120 1561 168 1616 tur
183 1557 370 1614 Domitianus
390 1557 514 1614 occultis
535 1559 572 1613 ad
597 1556 744 1614 Cerialem
772 1539 880 1614 nuntiis
908 1558 995 1614 fideus

117 1656 183 1714 eius
205 1655 378 1723 tentavisse,
399 1662 456 1713 ‘an
478 1655 623 1728 praesenti
643 1657 699 1712 sibi
719 1657 881 1713 exercitum
903 1657 995 1728 irnpe-

114 1756 268 1829 ‘stumque
293 1755 446 1812 traditurus
474 1753 564 1811 soret!
594 1773 650 1830 qua
682 1755 860 1830 cogitatione
887 1757 995 1812 beilum

117 1856 262 1913 adversus
277 1860 386 1927 patrem
401 1854 567 1928 agitaverit,
582 1871 619 1911 an
640 1872 710 1926 opes
736 1855 869 1929 viresque
894 1855 996 1912 adver-

119 1969 171 2010 sus
188 1953 324 2022 tratrem,
348 1953 380 2010 in
410 1953 525 2010 incerto
544 1953 607 2010 suit.
639 1969 706 2010 nam
741 1953 864 2011 Cerialis
888 1953 996 2010 salubri

119 2059 351 2126 temperamento
370 2054 469 2120 elusit,
490 2056 520 2108 ut
543 2071 619 2108 vana
644 2051 792 2126 pueriliter
817 2053 993 2126 cupientem.

122 2155 322 2218 Domitianus,
336 2153 433 2224 sperni
447 2171 464 2210 a
479 2153 638 2209 senioribus
659 2153 810 2208 inventam
837 2169 920 2208 suam
934 2170 994 2208 cer-

121 2271 208 2318 nens,
232 2253 347 2310 modica
361 2269 475 2326 quoque
494 2258 524 2308 et
540 2261 674 2324 usurpata
697 2256 785 2306 antea
812 2251 910 2306 munia
938 2251 993 2307 lm·

120 2353 196 2429 perii
221 2353 392 2412 omittebat:
411 2350 607 2424 simplicitatis
632 2367 667 2408 ao
682 2349 841 2406 modestiae
856 2349 993 2422 imagine,

120 2453 154 2510 in
180 2451 362 2510 altitudinem
389 2450 533 2516 conditus,
564 2449 935 2524 studiumquetitterarum
962 2453 993 2516 et

120 2573 250 2615 amorem
277 2555 439 2612 carminum
464 2554 613 2621 simulans,
645 2571 701 2627 quo
729 2555 840 2610 velaret
864 2553 992 2610 animum

124 2661 156 2714 et
183 2655 277 2713 fratris
306 2653 494 2711 aemulationi
508 2647 824 2720 subduceretumuius
848 2653 993 2726 disparem

124 2755 327 2829 mitioremque
340 2758 472 2811 naturam
486 2757 590 2812 contra
608 2753 859 2828 interpretabatur.

941 2867 949 2886 ν
991 2877 1010 2894 ι’

842 2905 861 2927 a,
968 2897 976 2913 Ι

842 2927 892 2980 Ἲίι
908 2931 949 2966 'x‘
