2090 3838
99 209 221 260 auro.
335 213 405 260 nur.
435 213 472 261 n.
523 213 601 262 cae.
640 197 755 262 1.-3.
895 195 964 264 195

98 364 238 440 utrimque
259 369 421 438 perlustrat.
461 369 513 426 ‘Si
528 375 659 444 pergeret
680 369 710 428 in
732 361 964 436 wiremudham

98 465 203 524 ‘officii
224 467 356 540 gratiam,
378 467 408 524 in
428 467 546 524 atterius
562 469 700 528 bonorem
714 472 860 544 suscepti:
882 487 917 528 ac
932 487 964 528 se

96 563 250 628 ‘Vitettin
262 566 327 621 sire
339 566 458 628 Othoni.
469 567 601 624 obsidem
615 568 685 624 iore.
728 568 782 626 Sin
798 567 914 634 rediret,
924 569 964 624 oi·

94 663 224 720 ‘tensam
244 665 318 720 baud
340 665 458 724 dubiam
487 665 623 724 victoris:
647 667 698 724 sed
728 667 841 723 incerta
870 668 965 724 adhuc

94 763 247 828 ‘victorin
268 770 299 819 et
313 765 496 820 concedente
511 764 542 820 in
558 771 654 838 partes
668 769 758 838 patre,
773 765 863 822 titium
877 783 965 824 encu-

99 865 221 920 ‘satum
264 863 319 919 Sin
335 863 534 935 Vespasianus
556 864 777 937 Rempubticnm
797 863 965 937 susciperet,

96 961 348 1018 ‘obliviscendum
361 962 533 1020 offensarum
548 964 584 1020 de
600 965 677 1020 betto
691 961 888 1038 agitantibus!
911 957 996 1020 uisa

92 1075 126 1116 ac
141 1062 245 1118 tatibus
260 1063 338 1118 inter
351 1077 433 1133 spem
453 1069 617 1136 metumque
632 1062 780 1128 iactatum,
795 1079 861 1135 spes
878 1063 962 1119 vicit.

97 1157 200 1226 Fuere,
234 1159 293 1233 qui,
321 1175 465 1216 accensum
495 1158 630 1216 deeidam
656 1159 803 1218 Berenices
829 1158 964 1236 Reginae,

93 1257 204 1314 mense
226 1257 281 1314 iter
301 1259 466 1314 crederent.
509 1260 614 1332 Neque
641 1261 812 1316 abhorrebat
838 1279 855 1316 a
877 1262 964 1316 Bere·

96 1355 161 1412 uice
185 1356 326 1414 invenitis
350 1357 480 1414 animus:
502 1359 553 1414 sed
578 1358 713 1432 gerendis
741 1361 824 1416 rebus
853 1362 964 1418 unitum

92 1470 130 1510 ex
142 1473 179 1512 eo
192 1455 437 1528 inpedimentum.
460 1458 567 1514 laetam
583 1459 780 1532 voluptatibus
795 1460 964 1516 adolescen-

94 1551 161 1610 tiam
196 1554 268 1626 egit,
298 1571 351 1610 suo
382 1571 466 1628 quarn
501 1555 589 1628 patris
623 1555 745 1629 imperio
780 1555 963 1612 moderatior.

93 1650 183 1726 Igitur
195 1669 278 1708 oram
295 1652 428 1710 Achaiae
443 1659 472 1710 et
499 1654 598 1721 Asiae,
623 1673 659 1711 ac
683 1657 769 1711 laeva
785 1654 870 1710 maris
885 1669 964 1727 pree·
1039 1727 1040 1734 ἵ

94 1752 361 1816 recreandarum
382 1757 412 1808 et
440 1752 570 1828 Cyprum
598 1754 717 1819 insutas,
743 1753 811 1810 inde
838 1753 964 1827 Syrium,
992 1750 996 1759 ’

93 1851 310 1908 audentioribus
324 1851 426 1922 spatiis
442 1854 566 1923 petebat.
591 1852 687 1926 Atque
701 1852 782 1908 iilum
798 1853 904 1925 cupido
921 1853 963 1910 in·

93 1952 191 2019 cessit,
206 1951 333 2008 adeundi
349 1952 519 2026 visendique
536 1955 673 2024 temptum
684 1953 812 2026 Paphiae
827 1955 963 2019 Veneris,

89 2049 235 2124 inclytum
252 2067 301 2122 per
315 2051 468 2124 indigenas
483 2053 676 2125 advenasque.
703 2053 787 2108 Haud
804 2053 887 2108 suerit
903 2055 962 2108 ton·

91 2165 168 2222 gum,
189 2147 277 2204 initia
298 2148 456 2222 religionis,
481 2151 582 2222 tempti
608 2149 705 2218 situm,
730 2151 847 2208 sormam
871 2151 962 2218 Deae,

92 2266 188 2322 neque
222 2246 301 2302 enim
336 2247 407 2303 aiibi
440 2247 484 2304 sic
519 2249 649 2311 habetur,
684 2249 783 2320 paucis
812 2238 961 2303 disserere.

5 2373 6 2378 1
92 2343 271 2403 Conditorem
301 2344 394 2422 tempti
423 2345 529 2420 Regem
561 2345 670 2402 Aerinn
698 2337 782 2401 vetus
814 2345 994 2414 memoria,3

90 2445 208 2520 qnidam
223 2443 312 2520 ipsim
329 2444 408 2501 Dece
431 2461 529 2500 nonen
550 2443 582 2500 r'd
601 2445 782 2518 perhibent..
805 2443 897 2500 Fama
921 2461 962 2500 re·

91 2543 206 2602 sentior
222 2544 319 2610 tradit,
332 2543 369 2600 ‘a
391 2544 504 2616 Cinyra
526 2551 669 2628 sacratum
693 2543 841 2614 temptum,
857 2543 963 2600 Deam·

91 2649 166 2717 ‘que
187 2641 291 2716 ipsam,
316 2648 490 2716 conceptam
512 2645 594 2706 mari,
621 2644 677 2699 huc
700 2621 859 2716 adpulsam:
902 2643 963 2700 Sed

90 2741 264 2798 ‘scientiam
276 2747 422 2815 artemque
436 2741 628 2814 Haruspicum
639 2741 782 2810 adcitam;
796 2749 826 2796 et
836 2742 963 2800 Cilicem
997 2767 1000 2775 ¹

90 2839 266 2897 ‘Tamiram
286 2840 436 2896 intulisse:
458 2845 543 2914 atque
571 2839 612 2897 ita
635 2845 760 2913 pactum,
778 2845 810 2897 ut
834 2841 962 2900 inmitine

89 2939 255 3012 ‘utriusque
270 2938 376 3011 posteri
391 2937 576 2996 caerimoniis
588 2939 805 3012 praesiderent!
825 2941 909 3005 Mox,
925 2959 962 2998 ne

90 3039 202 3096 honore
217 3039 298 3094 nutto
319 3037 444 3110 Regium
463 3053 554 3110 genus
574 3038 755 3112 peregrinam
769 3038 887 3111 stirpem
911 3055 962 3096 an-

92 3139 253 3204 tecetteret‚
280 3135 353 3207 ipsa,
377 3153 467 3208 quam
490 3135 657 3203 intuterant,
680 3135 804 3192 scientia
834 3138 961 3210 hospites

84 3253 216 3294 cessere:
232 3239 344 3292 tantum
359 3231 525 3306 Cinyrades
538 3235 681 3292 Sacerdos
697 3235 865 3292 consutitur.
888 3237 960 3292 Hos·
1039 3257 1040 3270 ¹

122 3407 336 3472 Nequeenimnlibi
350 3407 380 3456 sic
395 3406 497 3472 habetur]
529 3403 592 3453 Deae
607 3405 868 3452 simulacrumettorrnn.
902 3403 961 3450 Era.
