2114 3830
15 139 16 156 ¹
86 125 158 194 362
407 152 659 204 arsronraavsr
806 159 837 205 s.
854 157 886 206 v.
905 159 955 207 aar.

83 303 205 360 esuriem
219 321 310 377 spem,
322 323 339 362 e
353 307 514 382 legionibus
528 310 612 366 miles
636 310 776 382 promissa
802 311 952 384 stipendis

83 399 248 474 flagitabat:
270 422 306 460 ne
331 405 488 464 Vitelliani
511 407 626 481 quidem
650 409 713 464 sine
739 412 827 465 mults
856 411 951 466 caede

84 501 154 574 pelli
169 509 316 574 paternum
336 506 385 561 sed
401 505 533 564 inmensa
558 508 681 580 pecunia
705 507 865 574 dicebatur,
876 567 880 573 ,
892 523 951 581 qua

83 605 165 656 tanta
181 601 224 658 vis
240 603 386 660 hominum
401 605 551 662 retinenda
575 611 645 662 erat.
687 607 838 678 Ingressus
851 613 950 664 castra

83 696 247 766 Mucianus,
261 719 316 774 quo
338 702 444 760 rectius
467 704 610 775 stipendis
635 697 812 778 singulorum
834 712 949 775 specta·

82 802 135 862 ret,
148 798 207 854 suis
229 816 297 856 cum
311 800 471 873 insignibus
490 803 631 874 armisque
658 803 784 860 victores
807 805 947 860 constitu·

82 893 114 960 it,
129 897 250 953 modicis
273 898 393 955 interae
416 899 516 972 spatiis
540 901 689 958 discretos.
733 902 813 958 'Pura
828 901 946 958 Vitelli·

82 995 140 1060 ani,
154 1013 223 1069 quos
238 999 312 1069 apud
328 998 461 1078 Bovillas
476 999 505 1054 in
527 999 707 1058 deditionem
720 1007 859 1072 acceptos
887 1018 943 1056 me·

81 1095 264 1156 sacravimus.
278 1098 424 1170 ceterique
450 1115 500 1170 per
523 1100 623 1156 urbem
636 1106 665 1154 et
680 1100 742 1154 urbi
761 1099 862 1156 vicina
875 1116 941 1154 con·

80 1191 177 1263 quisiti
199 1195 391 1264 producuntur
421 1215 508 1268 prope
535 1195 646 1252 intecto
672 1215 802 1269 corpore.
856 1193 941 1258 {Eos

81 1290 235 1348 Mucianus
250 1294 372 1363 ‘diduci
396 1302 425 1350 et
455 1295 661 1352 Germanicum
685 1296 938 1370 Britannicumque

79 1389 233 1454 ‘militem
247 1410 282 1448 ac
295 1393 320 1449 si
333 1392 509 1466 quintiorum
525 1395 714 1461 exercituum,
728 1395 885 1466 seperatim
895 1395 938 1450 ad·

79 1475 219 1557 ‘sistere'
248 1491 336 1548 iubet.
379 1493 449 1550 litos
472 1494 576 1564 primus
597 1493 693 1549 statim
718 1495 874 1563 adaptemus
894 1495 937 1550 ob-

79 1591 289 1662 stupefecerat:
309 1607 376 1648 cum
398 1609 434 1648 es
458 1591 574 1650 diverso
599 1595 680 1648 vetut
693 1591 798 1668 aciem,
822 1593 888 1650 telis
909 1596 937 1648 et

78 1690 165 1746 armis
180 1696 297 1754 trucem,
311 1695 402 1749 semet
423 1692 540 1748 clausos
562 1691 708 1762 nudosque
722 1697 751 1746 et
766 1691 882 1748 inluvie
895 1694 937 1747 de·

77 1785 190 1852 formes,
210 1787 401 1859 adspicerent.
443 1789 485 1844 Vt
500 1806 571 1844 vero
586 1790 641 1844 lruc
655 1788 724 1844 illuc
740 1789 863 1846 distrahi
876 1807 938 1846 coe·

77 1902 153 1957 pere,
169 1891 260 1942 metus
282 1905 332 1958 per
344 1904 444 1944 omues
458 1893 487 1942 et
513 1887 667 1960 praecipua
682 1887 853 1944 Germanici
868 1887 939 1944 mili·

77 1983 113 2039 tis
126 1983 256 2050 formido,
271 1991 415 2058 tamquam
429 2002 464 2042 ea
485 1985 667 2058 separatione
691 1987 726 2041 ad
741 1988 865 2042 caedem
890 1988 936 2042 de·

75 2083 266 2140 stiparentur:
290 2101 423 2155 prensare
437 2084 722 2156 commanipularium
738 2091 866 2156 pectora,
879 2101 936 2141 cer-

75 2181 189 2238 vicibus
203 2181 323 2247 innecti,
337 2199 466 2254 suprema
475 2183 573 2238 oscula
588 2189 695 2252 petere,
709 2189 763 2238 ‘ne
772 2184 938 2240 desereren-

75 2285 139 2336 ‘tur
152 2282 215 2346 soti,
230 2297 295 2349 neu,
308 2281 338 2336 in
364 2281 424 2352 pari
438 2297 549 2346 caussa,
562 2280 704 2352 disparem
720 2281 864 2338 tortunarn
889 2299 937 2354 pa·

74 2385 81 2411 ‘
94 2383 220 2436 terantur
230 2377 247 2434 :'
267 2379 352 2436 modo
367 2377 545 2444 Mucianum,
560 2381 645 2434 morto
658 2381 807 2436 absentem
827 2379 936 2436 Princi-

73 2495 148 2550 pem,
172 2484 343 2548 postremum
357 2479 470 2532 coelum
490 2493 526 2532 ac
551 2477 639 2545 Deos,
662 2477 818 2533 obtestari:
839 2479 935 2534 donec

73 2575 238 2641 Mucianus,
265 2581 410 2632 ‘cunctos
435 2574 563 2630 eiusdem
590 2575 772 2640 sacramenti,
805 2575 936 2636 eiusdem

72 2673 275 2746 ‘Imperatoris
288 2671 402 2730 mitites’
424 2674 582 2743 adpettuns,
597 2673 668 2730 lateo
693 2673 789 2730 timori
815 2676 935 2732 obviarn

71 2773 135 2830 iret.
176 2776 308 2846 Namque
332 2775 362 2828 et
385 2770 479 2826 victor
492 2771 638 2826 exercitus
659 2774 785 2828 clamore
799 2772 935 2829 lacrimas

71 2890 169 2928 eorum
195 2873 322 2929 iuvabat.
366 2875 449 2946 lsque
478 2872 544 2928 linis
567 2871 617 2928 itte
641 2872 698 2928 die.
740 2871 846 2935 Paucis
870 2877 934 2944 post

70 2970 179 3037 diebus,
194 2972 395 3043 adloquentem
420 2973 621 3030 Domitianum
641 2971 745 3030 firmati
767 2971 824 3027 iam
848 2988 933 3026 exne-

70 3087 147 3140 pere.
190 3069 334 3140 Spernunt
349 3072 461 3127 oblatos
475 3089 575 3146 agros:
595 3067 726 3127 militiam
749 3075 774 3125 et
796 3065 936 3144 stipendiis

69 3172 161 3222 orant.
202 3168 308 3223 Preces
322 3173 412 3234 erant,
426 3171 477 3225 sed
491 3170 592 3242 quibus
606 3160 766 3226 contradici
791 3184 849 3224 nou
870 3183 933 3238 pros-

69 3269 123 3318 set.
137 3263 223 3334 igitur
236 3263 266 3320 iu
279 3262 456 3321 Praetorium
472 3266 596 3338 accepti.
639 3266 727 3332 Dein,
742 3266 939 3340 quibusaetas

90 3362 187 3419 'iusta
201 3362 355 3436 stipendia,
377 3362 488 3422 dimissi
509 3381 575 3423 cum
596 3365 718 3436 honore,
739 3364 791 3424 alii
810 3365 849 3423 oli
873 3365 935 3423 cut-
1040 3419 1041 3422 ,
