2100 3816
91 174 205 226 scer
294 175 366 223 m.
393 173 417 222 ι.
468 174 547 224 css.
573 157 745 224 oe-ns.
874 159 945 226 rso
1029 139 1030 144 '

88 345 255 398 amaseae,
269 328 409 388 memoria
431 329 595 388 Neroniani
617 330 784 398 comitatus,
804 329 946 390 comon-

86 427 155 486 urbs
179 431 370 502 superiacum
396 429 470 488 alios
496 447 666 503 agnoscere,
691 431 830 504 quadarn
854 431 945 506 requi·

85 543 140 584 rere
165 535 195 584 et
218 527 345 601 pecunie
369 533 421 586 aut
443 528 538 602 gretia
562 528 682 586 iuvere:
703 529 859 588 inserendo
884 547 945 588 aas·

85 625 141 699 pirre
154 629 284 700 querelas
303 631 334 682 et
347 627 498 701 ambiguos
516 628 554 684 sle
576 627 673 686 Galba
689 645 848 695 sermones,
860 645 946 704 quae·

85 743 134 800 qne
147 727 202 782 alie
225 727 409 784 turbamenta
423 725 513 799 vulgi.
565 727 694 784 Labores
716 727 861 795 itinerum,
885 727 946 786 ino·

83 824 126 896 pin
148 828 370 890 commeatuum,
394 825 501 882 duritie
527 823 652 897 imperii,
671 827 799 882 atrocius
820 824 947 898 aecipie-

79 922 184 988 bantur,
212 941 290 990 eam,
319 923 500 996 Campaniae
531 925 611 984 lacus
638 929 669 980 at
698 923 833 982 Achaiae
861 925 945 982 urbes

81 1021 213 1078 classibus
227 1023 310 1080 edire
326 1021 414 1087 soliti,
430 1021 614 1095 Pyrenaeum
629 1026 658 1078 et
674 1023 767 1095 Alpes
780 1027 811 1080 et
835 1022 947 1085 innon·

80 1135 108 1177 sa
121 1121 229 1178 viarum
243 1121 339 1194 spatia
359 1137 445 1194 aegre
458 1124 513 1178 sub
533 1121 622 1178 armis
645 1121 833 1178 eniterentur.
876 1117 999 1180 nra-24

80 1219 217 1290 grentibns
232 1220 292 1276 iam
307 1220 430 1276 militum
452 1218 559 1276 animis
583 1221 665 1276 velut
689 1220 768 1277 laces
792 1220 947 1278 addiderat

83 1317 210 1379 Maevius
223 1323 351 1389 Pudens,
365 1341 382 1380 e
396 1323 536 1395 proximis
565 1322 719 1396 Tigellini.
740 1308 765 1380 ia
791 1325 943 1381 mobilissi-

82 1435 304 1496 uumquemque
318 1421 446 1495 ingenio,
465 1427 516 1478 eut
542 1422 683 1494 pecunius
699 1422 838 1495 indigum,
864 1431 895 1480 et
910 1424 942 1480 in

83 1533 167 1574 noras
184 1521 360 1591 cupiditates
376 1519 576 1592 praecipitem,
601 1521 777 1585 adliciendo,
802 1537 838 1575 eo
865 1523 943 1593 panl-

81 1616 155 1674 latirn
175 1635 339 1692 progressus
363 1624 417 1686 est,
431 1624 462 1675 ut
484 1636 535 1691 per
555 1618 684 1690 speeiem
706 1618 851 1683 convivii,
874 1635 942 1692 qvuo·

34 1723 35 1730 ’
81 1715 148 1774 tiens
187 1718 286 1774 Galba
319 1719 396 1790 opud
434 1717 583 1774 Othonem
616 1718 790 1789 epularetur,
822 1717 938 1774 cobnrli

81 1815 208 1872 excubias
230 1815 331 1888 egenti
354 1815 464 1874 viritim
477 1821 620 1873 centenos
645 1833 746 1872 numos
766 1815 933 1875 divideret:

80 1927 154 1984 qnam
169 1917 250 1972 velut
266 1913 411 1987 publicam
425 1914 610 1986 largitionem
637 1913 716 1970 Otho
735 1916 940 1974 secretioribus

79 2014 144 2082 opud
171 2013 302 2086 singulos
326 2012 461 2085 praemiis
482 2013 671 2080 intendebet;
696 2015 770 2070 adeo
789 2015 938 2072 animosus

78 2117 226 2183 corruptor,
240 2118 273 2168 ut
287 2111 419 2168 Cocceio
438 2111 573 2176 Proculo,
587 2113 771 2182 speculatori,
794 2113 831 2170 (le
856 2117 938 2185 parte

76 2207 168 2268 finium
201 2227 270 2266 cum
305 2209 406 2266 vicino
438 2209 608 2282 ambigenti,
643 2211 810 2268 universum
844 2211 938 2268 vicini

74 2323 240 2380 agrumsue
262 2308 389 2380 peeuma
412 2315 550 2380 emptum,
574 2307 796 2366 donoderlerit:
820 2325 870 2378 per
893 2325 937 2366 eo·

72 2407 193 2464 eordiem
208 2405 363 2471 Praefecti,
375 2423 461 2480 quem
476 2411 544 2464 note
569 2407 675 2478 puriter
688 2412 718 2462 et
744 2407 861 2462 occulte
884 2406 936 2463 tal·

70 2503 173 2562 lebant.
218 2505 278 2562 Sed
293 2510 385 2562 tome
409 2504 521 2562 libertis
546 2505 737 2562 Onomastum
760 2503 854 2560 tuturo
874 2493 987 2560 sce-25

69 2602 116 2660 leri
130 2602 281 2676 praefecit,
295 2619 313 2658 a
327 2619 385 2677 quo
399 2602 538 2660 Barbium
553 2603 716 2667 Proculum,
732 2601 935 2661 'l'csserarinm

68 2704 285 2774 speculatorum,
318 2705 349 2758 et
377 2699 543 2766 Veturium,
576 2701 733 2771 optionem
767 2703 935 2769 eorundem,

69 2801 226 2873 perductos,
241 2805 392 2874 postquam
417 2797 500 2854 verio
513 2815 646 2856 sermone
660 2800 783 2856 callidos
797 2802 934 2859 andecen-

68 2915 118 2972 qne
131 2897 283 2972 cognovit,
297 2896 430 2969 pretiosi
445 2895 591 2968 promissis
605 2903 717 2963 oneret,
730 2899 799 2954 elota
810 2881 935 2970 pecunie

67 2998 99 3053 erl
127 2996 335 3070 pertentandos
361 2995 486 3068 plurium
511 2994 632 3051 animos.
676 2995 849 3068 'Suscepere
876 3000 934 3056 dno
959 2987 965 3010 ¹

67 3096 258 3167 manipulares
286 3093 443 3166 lmperinnr
480 3093 551 3164 Pop.
577 3093 661 3149 Rom.
683 3095 912 3154 trensleresulurn
925 3115 933 3165 3
948 3104 960 3173 l
974 3085 1009 3121 '²‘

68 3197 95 3250 et
121 3195 339 3250 transtulerunt.
380 3193 417 3250 ln
443 3189 656 3248 conscientiam
683 3190 820 3249 facinoris
848 3185 948 3264 pauci¹

68 3291 177 3348 adsciti.
198 3307 353 3364 suspensos
366 3295 528 3348 ceterorum
542 3289 654 3346 animos
677 3287 802 3344 diversis
825 3290 933 3346 artibus

69 3389 232 3447 stimulent:
264 3388 404 3463 primores
430 3386 567 3452 militum,
591 3401 642 3457 per
670 3381 814 3440 beneficia
841 3385 934 3452 Nym·

106 3505 177 3546 vos..
199 3504 235 3544 ιι.
495 3483 532 3537 13
