2100 3834
1027 25 1048 82 ¹l

83 150 213 204 auro
319 153 453 202 marr.
496 133 761 198 oraio—25.
878 131 950 200 345
1028 86 1031 157 ξ

82 309 148 366 nito
174 313 334 366 uestrorum
358 307 481 373 obsidio,
502 311 532 364 et
554 305 649 364 missis
674 323 725 378 per
749 303 874 371 Gallias,
905 304 954 379 qui
1047 311 1048 336 ³

81 407 194 466 auxilia
207 407 369 472 concirent,
381 408 471 462 lectos
485 423 501 462 e
518 405 678 479 legionibus
694 405 787 462 Dillio
809 403 953 470 Voculae,
1037 431 1040 445 =

79 505 339 564 duodevicesimae
365 503 488 576 legionis
521 505 643 578 Legato,
678 503 776 570 tradit,
807 507 839 558 ut
868 519 954 577 quam
1039 554 1041 571 ,

84 604 221 662 maximis
236 621 287 674 per
308 603 398 675 ripam
422 601 572 674 itineribus
597 604 749 660 celeraret.
791 602 858 674 lpse
874 599 955 672 pavi·
1040 592 1041 634 ³

81 703 145 764 dus,
160 702 308 758 invalidus
322 719 451 772 corpore,
464 701 576 758 invisus
591 701 740 757 militibus.
763 717 855 774 neque
875 699 956 755 enirn
1041 692 1042 702 ’

84 785 222 871 ambigue
237 799 406 868 tremebant,
419 806 427 832 ⁴
439 799 558 856 emissas
574 818 589 856 a
617 799 804 873 Mogontiaco
829 799 955 854 Batavo·

80 899 322 962 ‘rumeubortea
345 898 538 954 dissimulatos
564 897 670 954 Civilis
688 903 820 966 conatus,
846 896 955 954 adsciri
1044 896 1045 918 ¹

84 999 137 1056 ‘in
158 997 331 1054 societatem
347 997 518 1054 Germanos.
534 1014 591 1052 non
607 995 698 1054 Primi
714 995 847 1061 Antonii,
862 1013 956 1069 neque

81 1103 90 1132 ⁸
104 1096 249 1160 Muciani,
257 1113 313 1167 ope
330 1095 545 1164 Vespasianum
560 1095 651 1166 magis
665 1095 838 1152 adolevisse.
856 1101 957 1167 aperta

82 1197 173 1254 ‘odia
186 1211 322 1268 armaque
337 1196 430 1265 palam
445 1195 572 1266 depelli:
592 1194 720 1250 fraudem
734 1199 764 1250 et
788 1195 886 1252 dolum
908 1196 957 1252 ob·
1047 1243 1048 1266 3

85 1304 200 1358 ‘seura
226 1311 317 1367 eoque
338 1293 532 1350 inevitabilia.
575 1292 703 1350 Civilem
739 1299 815 1349 stare
846 1299 956 1362 eontra,
1047 1279 1048 1312 ³

82 1399 213 1452 ‘struere
242 1391 353 1448 aoiem:
377 1390 574 1448 Hordeonium
597 1409 614 1447 e
637 1390 773 1448 eubiculo
793 1397 823 1447 et
850 1395 958 1448 lentulo

82 1493 214 1556 ‘iubere‚
248 1489 384 1564 quidquid
418 1489 494 1546 hosti
527 1487 681 1546 eonduoat.
739 1488 800 1544 'l'ot
834 1498 958 1546 armatas
1047 1507 1048 1540 r

84 1584 327 1666 ‘fortissimorum
343 1587 468 1645 virorum
482 1605 582 1646 manue
598 1588 681 1644 unius
695 1587 773 1643 senia
788 1588 959 1644 valetudiue

84 1688 179 1762 ‘regi
223 1687 300 1757 Quin
329 1687 431 1758 plotius,
455 1685 611 1743 interiecto
633 1687 781 1752 traditore,
816 1685 960 1744 fortunam

85 1787 302 1859 ‘virtutemque
328 1803 409 1842 suam
434 1787 511 1842 malo
534 1785 633 1842 omine
656 1783 863 1842 exsolverent!
904 1783 959 1840 His

85 1887 165 1945 inter
190 1901 223 1940 se
246 1883 366 1940 vooibus
387 1879 541 1941 instinctos
565 1885 750 1942 flammavere
775 1885 893 1958 insuper
912 1885 961 1942 asl-

87 1987 168 2044 latae
178 2001 195 2040 a
206 1981 392 2055 Vespasiano
406 1982 530 2049 litterae,
544 2000 614 2056 quas
630 1983 767 2050 Flaccus,
782 1984 850 2058 quia
864 1984 962 2040 oeeul·
1039 2029 1042 2038 .

46 2157 50 2162 ἱ
87 2083 146 2140 tari
169 2081 338 2154 nequibant,
362 2094 414 2153 pro
435 2081 580 2138 oonoione
601 2081 756 2140 recitavit:
779 2059 961 2154 vinctosque,

86 2181 139 2257 qni
160 2181 335 2245 adtulerant,
363 2180 399 2236 od
428 2179 584 2237 Vitellium
610 2180 698 2238 misit.
741 2179 792 2236 Sio
820 2178 1012 2253 mitigatieHb

88 2277 208 2347 animis,
229 2278 372 2340 Bonnam,
401 2276 522 2336 hiberna
546 2277 656 2351 primae
678 2275 810 2350 legionis,
831 2283 960 2333 ventum.

89 2375 241 2436 infensior
263 2374 326 2432 illio
351 2374 443 2442 miles,
467 2377 582 2448 eulpam
608 2375 701 2433 eladis
716 2375 746 2432 in
762 2375 961 2432 Hordeonium

84 2475 245 2544 vertebat:
293 2473 374 2530 ‘eius
413 2471 492 2530 iussu
519 2473 664 2532 diroelam¹
698 2475 836 2531 adversus
874 2474 961 2530 Bata·
1045 2537 1048 2550 ⁴

89 2580 168 2630 ‘voe
213 2571 318 2638 aciem,
357 2569 505 2646 tamquam
539 2589 557 2628 a
598 2570 790 2645 Mogontiaco
830 2571 960 2645 legiones

89 2676 318 2745 ‘sequerenturz
350 2669 480 2726 eiusdem
504 2668 667 2741 proditioue
681 2686 792 2738 caesos,
814 2670 902 2727 nullis
916 2665 968 2728 eu?
1047 2697 1048 2714 κ

89 2776 99 2804 ⁶
111 2766 353 2844 pervenientibus
362 2766 490 2824 auxiliis.
531 2767 635 2840 lgnota
645 2767 720 2824 bueo
731 2767 837 2826 ueteris
849 2767 960 2828 exerei-

91 2879 99 2906 ⁶
113 2872 202 2936 tibus,
216 2888 309 2945 neque
333 2869 503 2942 Imperatori
518 2887 571 2928 suo
583 2869 725 2928 nuntiari:
747 2889 814 2930 oum
838 2874 960 2930 adeursu

92 2974 160 3027 ‘tot
172 2969 385 3040 provinciarum
405 2967 551 3042 exstingui
567 2985 670 3042 repens
684 2971 803 3042 pertidia
818 2969 960 3045 potuerit)

94 3066 281 3126 Hordeonius
307 3065 488 3138 exemplaria
514 3066 643 3125 omnium
670 3067 837 3141 litterarum,
857 3071 959 3144 quibua

124 3221 209 3278 Aperta
218 3219 276 3276 odio,
284 3219 399 3290 amase]
428 3217 567 3292 Sallustiana·
573 3219 670 3268 imitatio
683 3225 718 3267 ert
733 3221 756 3268 in
770 3221 810 3290 Qr.
820 3223 839 3288 2
853 3221 881 3266 sd
891 3221 957 3268 Caes.

94 3277 188 3326 Hostem
202 3273 317 3326 abeno
335 3280 464 3334 deprsrmra
482 3278 567 3326 bornam
583 3285 672 3326 strenam
686 3279 748 3324 tana
762 3277 852 3338 dfflole
866 3282 909 3323 est:
925 3291 958 3324 aa·

95 3337 277 3453 ⁶1:¹1ka
294 3351 363 3398 nepes
381 3337 459 3396 vitare,
479 3350 549 3396 aeque
563 3338 651 3396 faeere,
669 3335 732 3384 bonis
749 3336 776 3382 in
797 3339 901 3392 promptas
919 3341 956 3384 ast.

137 3492 210 3534 vno.
231 3493 266 3533 rr.
496 3509 503 3528 ·
537 3477 579 3552 βο
