2114 3830
80 211 217 264 acar.
323 211 394 260 cnr.
419 203 453 260 v.
503 209 582 262 oar.
608 193 780 266 23.-25.’
883 195 957 270 mu
1027 284 1030 293 Ι

81 383 171 432 mero
203 363 344 437 inparem,
378 383 429 424 usu
451 365 599 440 remigum.
629 369 851 442 gubernatorum
886 373 959 440 arte,

80 465 210 528 navium
236 463 436 538 magnitudine
459 467 608 537 potiorem.
652 467 707 524 His
726 467 834 528 flumen
857 484 959 532 secun·

81 564 177 632 dum3
198 563 242 620 illi
268 573 359 622 vento
381 566 546 636 agebantur.
590 565 642 622 Sic
666 568 826 639 praeuecti,
847 572 960 626 tentato
1035 635 1037 646 ἱ

80 662 200 727 levium
233 663 355 718 telorum
387 662 474 728 iactu,
505 662 687 722 dirimuntur.
749 665 866 729 Civilis.
887 665 960 722 nihil

83 762 278 826 elimacem,
305 769 383 818 trans
405 762 539 821 Rhenum
562 763 717 820 concessit.
759 765 895 828 Cerialis,
917 766 970 822 in·.

80 861 181 920 sulam
203 861 381 918 Batavorum
406 861 550 918 hostiliter
578 866 738 934 populatus,
759 880 841 935 agros
864 863 960 920 villus·
1037 843 1039 856 ἱ

82 975 144 1032 que
180 945 286 1016 Civilis
320 959 455 1020 intactos,
486 964 554 1016 nota
585 968 646 1016 arte
678 961 802 1024 illisum,
823 962 959 1018 sinebat:
1040 1005 1041 1038 ἶ

83 1073 157 1115 curo
173 1056 297 1121 interim,
312 1057 389 1114 flexu
414 1058 544 1117 aulumni
570 1065 599 1114 et
626 1060 734 1114 crebris
761 1077 811 1132 per
834 1059 960 1116 hiemem
1041 1068 1042 1140 l

82 1155 237 1219 imbribus,
265 1154 427 1225 superfusus
457 1155 550 1216 omnia
581 1159 736 1226 palustrem
765 1157 960 1230 humilemque
1042 1174 1043 1224 t

84 1254 216 1315 insulam
243 1253 273 1310 in
299 1253 403 1310 faciem
430 1254 526 1328 stagni
540 1253 681 1325 opplevit.
711 1272 766 1312 nec
794 1257 895 1314 classis
911 1258 961 1312 eut
1043 1285 1044 1298 κ

85 1357 270 1412 commeatus
291 1355 432 1409 oderant:
453 1357 604 1426 castraque
619 1356 648 1410 in
665 1355 751 1424 plnoo
775 1353 840 1419 sita,
866 1353 897 1410 vi
910 1353 960 1412 du·

84 1451 177 1514 minis
187 1450 401 1511 differebantur.
442 1457 450 1482 ⁶
463 1451 594 1508 Potuisse
608 1459 676 1510 tunc
685 1451 808 1524 opprimi
821 1452 959 1524 legiones,
971 1472 1012 1533 24

86 1553 141 1606 ‘et
158 1548 283 1604 voluisse
301 1549 472 1614 Germanos,
486 1551 538 1606 sed
552 1551 693 1608 dolense
714 1548 824 1616 flexos,’
848 1550 960 1622 inputa·

86 1647 136 1706 vit
164 1647 281 1704 Civilis.
332 1647 435 1720 Neque
456 1647 589 1704 abhorret
614 1665 693 1714 vero,
723 1651 838 1720 quando
860 1648 959 1720 paucio

85 1754 155 1822 poet
168 1745 270 1804 diebus
280 1745 393 1804 deditio
404 1749 534 1804 insecuta
545 1750 597 1802 eat.
622 1747 698 1802 Nam
713 1747 837 1806 Cerialis
852 1765 902 1819 per
912 1763 959 1808 ou·

83 1848 184 1906 cultos
205 1845 322 1900 nuntios
343 1842 462 1900 Batauis·
485 1861 591 1919 paoem,
615 1841 701 1902 crolle·
725 1844 841 1910 verton,
864 1855 959 1904 osten·

86 1948 165 2008 lans,
188 1943 342 2007 Veledam,
369 1942 600 2016 propinquosque
628 1945 772 2026 monebat,
794 1944 959 2005 ‘fortunam

85 2039 191 2106 ‘belli
218 2047 262 2097 tol
285 2040 416 2097 cladibus
440 2041 603 2106 adversum,
624 2046 786 2113 opportuno
809 2060 877 2116 erga
905 2043 959 2100 Po·

84 2143 207 2214 ‘pulum
221 2140 384 2200 Romanum
399 2139 502 2196 merito
513 2144 634 2196 molare.
676 2139 786 2196 Gaesos
801 2140 958 2210 Treveros,

86 2244 242 2310 ‘receptos
270 2237 370 2298 Vbios.
392 2243 522 2309 ereptam
548 2236 669 2292 Batavis
692 2239 832 2307 petriam:
864 2255 959 2312 neque

86 2335 189 2394 ‘aliud
212 2335 320 2392 Civilis
343 2335 473 2390 amicitia
498 2341 636 2406 paratum,
656 2351 740 2408 quam
766 2336 895 2400 vulnera,
918 2336 959 2396 lu·

87 2443 170 2510 ‘gae
190 2435 432 2500 luctus.exulem
455 2450 521 2490 eum
535 2438 565 2489 et
583 2439 727 2490 extorrem
753 2432 960 2506 recipientilrue

86 2533 211 2592 ‘oneri:
232 2537 262 2587 et
286 2531 356 2588 retis
379 2531 559 2604 peccavisse,
584 2532 658 2604 quod
687 2532 794 2588 totiens
823 2531 958 2590 lllrenurn

86 2631 348 2702 ‘transcenderint
370 2629 395 2686 si
419 2630 487 2703 qnid
509 2633 583 2686 ultru
604 2629 766 2695 moliantur,
788 2630 858 2686 inde
884 2629 958 2688 iniu-

87 2729 183 2786 ‘riam
197 2735 227 2784 el
240 2733 366 2800 culpam,
386 2729 456 2786 hinc
468 2728 608 2784 ultionem
622 2733 652 2782 et
673 2728 754 2782 Deos
768 2726 847 2786 lure.’
888 2728 957 2786 mia
968 2732 1009 2792 25

91 2829 237 2890 cedantur
254 2825 340 2882 minis
366 2826 513 2898 promissa.
554 2827 602 2890 El,
627 2842 770 2884 concussa
795 2826 957 2886 'Prnosrlre-
995 2811 1000 2818 ’

88 2942 230 2986 canorum
244 2926 309 2993 lide,
330 2926 406 2982 iuter
437 2925 567 2981 Batavos
591 2941 702 2998 quoque
715 2941 860 2983 sermones
882 2925 956 2984 orti:

88 3028 167 3082 ‘noo
189 3026 398 3097 prorogandam
414 3025 486 3080 ultra
507 3025 639 3080 ruinam:
663 3041 717 3080 nec
742 3041 826 3096 posse
849 3027 886 3080 ab
900 3041 959 3082 unu

88 3127 227 3182 ‘nullone
253 3122 341 3180 lolius
355 3122 431 3178 orbis
446 3123 597 3184 servilium
620 3121 738 3192 depelli.
759 3123 827 3195 quid
849 3123 958 3194 perlec-

88 3228 169 3280 ‘rum
183 3222 274 3278 caede
289 3227 317 3278 el
329 3221 475 3278 incendiis
491 3220 647 3293 legionum,
661 3219 718 3276 nisi
732 3225 763 3276 ut
778 3222 872 3291 plures
888 3220 959 3278 vali·

90 3322 260 3394 ‘dioreeque
296 3315 483 3380 accirentur?
514 3320 548 3376 Si
570 3319 753 3390 Vespasiano
778 3320 886 3376 bellum
910 3336 958 3378 na·

88 3458 133 3506 hoc
143 3456 234 3509 audere,
245 3470 310 3524 qoam
321 3455 380 3516 quod
392 3455 489 3500 timeret.
522 3453 582 3500 Nam
597 3466 675 3498 revere
685 3452 793 3500 Romanis
803 3453 840 3500 lile
853 3453 958 3511 peritissi-

89 3517 131 3562 mis
142 3515 196 3560 roldl
212 3515 316 3575 periculi:
335 3523 356 3559 et
370 3515 466 3560 nondum
482 3511 561 3558 Batavi
578 3515 600 3556 in
617 3511 671 3556 mari
687 3521 748 3556 aula
766 3511 806 3566 uis,
817 3513 893 3571 quales
903 3526 959 3560 nunc

91 3575 203 3620 miramur.
236 3572 297 3628 lips.
330 3573 379 3633 Bip.
392 3577 502 3630 exponunt
519 3571 561 3618 sic:
578 3570 647 3626 magis
662 3577 687 3614 ut
702 3525 803 3614 mimirile
813 3570 888 3616 iecisse
899 3571 960 3616 vide·

24 3693 26 3702 Ι
91 3632 271 3689 reinsumimus,
282 3645 348 3692 qnam
358 3645 396 3678 eos
405 3637 514 3679 metuens.
525 3628 697 3689 coniectumque
704 3627 748 3687 leg.
759 3628 834 3676 malui.
