2158 3820
103 231 229 282 acm.
314 231 386 282 ura.
411 233 484 282 xrr.
537 233 613 283 cnr.
639 213 808 284 Pal—27.
924 219 970 286 21

102 385 216 446 dientes
232 385 373 455 Corbulo,
393 405 431 445 ne
455 388 625 462 Euphraten
648 389 818 464 transgressi
845 391 977 450 hoslluns

104 486 243 544 cmtodiis
287 485 578 556 circumvenirentur,
629 490 698 546 dato
744 489 897 563 praesidio,
933 489 972 549 ad

104 586 186 644 litora
202 585 291 644 maris
306 586 382 643 rubri
407 586 552 644 deduxit:
577 589 663 655 unde,
684 587 784 646 vitatis
800 589 971 648 Parthorum

106 686 218 753 linibus,
233 685 343 759 patrias
355 685 385 742 in
397 686 482 742 sedes
493 703 669 758 remeavere.
686 687 765 760 Quin
776 693 805 744 et
816 688 970 746 Tiridaten
982 683 1024 742 26

107 802 155 858 per
167 783 274 841 hledos
302 790 436 841 extrema
451 785 610 842 Armeniae
624 785 793 852 intrantem,
815 787 972 860 praemisso

107 901 170 941 curn
183 883 302 941 auxiliis
318 884 470 940 Verulano
484 881 605 957 Legata,
619 891 705 960 atque
719 885 782 958 ipse
809 885 971 960 legionibus

110 983 184 1048 citis,
197 984 279 1040 abire
304 984 415 1054 procul,
439 998 568 1055 sospem
593 983 663 1040 belli
688 983 821 1042 amittere
838 984 970 1059 subegit:

107 1099 230 1158 quosque
262 1081 356 1148 nobis,
383 1083 421 1138 oh
448 1081 570 1155 Regem,
597 1097 714 1139 auersos
737 1083 842 1140 animis
865 1100 970 1158 cogno·

108 1187 198 1242 verat,
225 1180 366 1237 caedibus
389 1186 420 1236 et
458 1179 603 1237 incendiis
629 1183 840 1256 perpopulatus,
860 1199 970 1256 posses·

103 1279 215 1336 sionem
238 1279 401 1337 Armeniae
421 1279 591 1352 usurpabat:
624 1297 690 1338 num
710 1280 832 1338 advenit
866 1279 971 1354 Tigra·

104 1396 165 1445 nes,
185 1396 204 1435 a
226 1380 347 1435 Nerone
368 1379 405 1434 ad
424 1379 632 1450 capessendum
652 1379 803 1454 imperium
830 1379 971 1447 delectus,

103 1477 313 1552 Cappadocum
333 1495 371 1533 ex
392 1475 553 1545 nobilitate,
588 1477 678 1552 Regis
701 1477 840 1536 Archelai
870 1494 971 1551 nepos,

102 1577 153 1634 sed
173 1577 253 1650 quod
274 1576 324 1632 diu
344 1577 430 1632 obses
457 1559 533 1649 ‘apud
563 1577 663 1634 urbem
693 1575 795 1640 iuerat,
824 1575 971 1650 usquead

102 1675 241 1732 servilem
256 1674 427 1746 patientiam
440 1674 590 1732 demissus.
632 1675 697 1732 Nec
711 1691 854 1732 consensu
868 1689 971 1748 accep·

104 1780 158 1842 tus,
178 1775 302 1830 durante
322 1773 396 1846 apud
416 1773 553 1848 quosdam
573 1771 671 1832 lavore
701 1771 915 1832 Arsacidarum.
939 1775 971 1828 al

103 1873 244 1948 plerique,
264 1871 426 1944 superbiam
447 1871 615 1928 Parthorum
631 1871 734 1944 perosi,
757 1873 855 1929 datum
876 1889 894 1928 a
914 1869 971 1928 Ro-

13 2005 14 2010 1
103 1973 199 2032 manis
228 1971 339 2044 Regem
367 1970 520 2028 malebant.
564 1969 706 2028 Additum
729 1975 760 2026 et
787 1971 969 2043 praesidium,

102 2071 186 2130 mille
214 2068 377 2141 legionarii,
404 2074 462 2125 tres
491 2068 635 2128 sociorum
661 2070 805 2135 cohortes,
837 2069 969 2144 duaequs

102 2170 245 2244 Equitum
258 2169 332 2234 alae,
345 2184 402 2242 quo
414 2166 526 2224 facilius
547 2183 656 2224 novum
678 2167 811 2240 Regnum
832 2173 969 2224 lueretur.

103 2269 175 2326 Pars
198 2267 369 2332 Armeniae,
382 2271 412 2322 ut
426 2265 530 2340 cuique
551 2265 682 2335 finitima,
705 2263 894 2322 Pharasmani
915 2264 971 2322 Po·

104 2365 271 2439 lemonique
299 2369 329 2420 et
363 2363 532 2421 Aristobulo
564 2369 651 2436 alque
688 2361 837 2420 Antiocho
869 2377 971 2433 parere

105 2465 201 2522 iussae
230 2467 306 2519 sunt.
347 2462 474 2519 corbulo
497 2461 528 2522 iu
557 2461 673 2534 Syriam
701 2459 851 2525 abscessit,
879 2463 970 2516 morte

104 2561 252 2621 meidii
266 2559 371 2634 Legati
387 2575 518 2625 vacuam,
529 2575 564 2615 ac
575 2557 632 2615 sibi
643 2555 817 2630 permissam.
858 2555 969 2614 Eodem
980 2555 1021 2617 al

103 2679 191 2727 anno,
205 2679 243 2718 ex
258 2658 426 2716 inlustribus
443 2657 533 2715 Asiae
546 2655 671 2735 urbibus,
684 2655 832 2713 Laodicea
848 2660 971 2712 tremore

16 2781 17 2790 ¹
104 2768 198 2820 terrae
234 2761 375 2831 prolapsa,
401 2760 481 2814 nollo
515 2774 532 2812 a
568 2755 651 2812 nohis
682 2755 818 2820 remedio,
849 2755 970 2828 propriis

103 2861 207 2936 opibus
222 2857 354 2916 revaluit.
397 2857 438 2914 At
453 2856 483 2912 in
496 2854 581 2912 ltalia
595 2861 678 2911 velus
687 2853 833 2926 oppidum,
845 2853 971 2922 Puteoli,

134 3032 210 3080 narn
219 3031 305 3090 narn]
326 3031 389 3078 Haeo
397 3045 425 3077 ne
434 3029 546 3084 intelligas
554 3029 583 3075 de
590 3027 650 3075 dinsa
658 3027 834 3132 Arnhiersnfflnem
843 3026 910 3083 vulgo
919 3025 973 3071 dici·

105 3107 154 3140 snus
163 3091 212 3138 rue
220 3091 327 3137 deSsu:
337 3091 375 3136 sed
384 3091 412 3135 de
421 3091 473 3136 sinu
485 3087 578 3134 Persico.
602 3087 646 3133 uod
656 3093 717 3131 veter
783 3084 926 3131 rrsRuhrum
934 3088 975 3129 aut

107 3151 173 3201 stan
182 3149 357 3208 Erythraeum
374 3149 506 3210 pellabant;
522 3161 577 3193 nrrnr
587 3103 635 3192 ine
645 3145 721 3201 cupa
729 3145 756 3201 os
766 3144 851 3191 Persiu.
885 3143 975 3211 Eodem

105 3210 196 3257 nomine
206 3209 259 3254 itern
268 3164 412 3267 rosigneium
423 3207 481 3268 quod
494 3220 552 3252 nunc
563 3205 609 3251 'lte
619 3203 704 3250 Indicas
712 3202 859 3270 «im-Bron-
889 3202 973 3270 Paucas.

108 3269 179 3317 nuxit
187 3282 228 3328 per
234 3267 321 3323 Syriam
331 3268 360 3314 ad
371 3267 441 3312 sinum
452 3265 561 3312 Perriomn
572 3279 609 3309 sen
623 3263 727 3309 lnslicuur.
762 3263 814 3308 Non
824 3274 881 3306 rosus
892 3259 979 3304 lrcehab

107 3335 145 3375 aul
157 3327 238 3373 itinere
248 3328 356 3381 terrestri,
372 3326 412 3372 uisi
427 3339 466 3385 per
477 3329 550 3369 vastus
565 3324 673 3378 regiones.
688 3335 745 3381 quae
756 3319 844 3365 Parthis
857 3317 980 3377 parebant,

108 3393 147 3438 ant
158 3386 276 3432 maritimo.
290 3384 437 3446 periculosum
446 3383 529 3442 quippe
537 3381 644 3444 Caspium
651 3391 721 3426 mare.
751 3379 784 3428 0,

141 3465 261 3534 meidii]
291 3462 537 3528 septemanas.
