2090 3838
101 242 214 297 t.o.ro.
321 227 758 296 nrrs.rr.car.71.-74.
888 227 956 294 241

99 403 164 457 terat
178 401 303 475 quidam,
324 400 569 458 ‘Scribonianum
594 419 625 458 se
639 401 826 460 Camerinum
854 403 960 471 terens,

97 500 340 557 ‘Neronianorum
356 505 516 572 temporum
531 507 610 558 metu
624 500 654 557 in
671 501 757 558 istria
771 503 961 568 occultatum,

95 583 183 673 ‘quod
198 600 260 656 illio
285 599 444 656 clientelae
458 605 488 655 et
502 600 563 672 agri
579 606 709 657 veterum
724 600 896 657 Crassorum
923 615 958 656 ac

93 699 230 756 ‘nominis
245 698 328 754 lavor
355 697 512 755 manebat.'
553 699 644 773 igitur
663 700 820 756 deterrimo
842 715 958 773 quoque

90 795 118 853 in
131 803 331 871 argumentum
345 797 458 854 tabulae
473 797 633 868 adsumpto,
649 800 751 872 vulgus
766 799 914 855 credulum
929 802 958 855 et

91 897 202 970 quidam
231 897 365 962 militum,
390 913 484 953 errore
510 898 582 962 veri,
607 913 657 954 seu
683 899 828 955 turbarum
853 897 957 964 studio,

90 996 221 1052 certatim
249 996 497 1068 adgregabantur:
518 1011 585 1052 cum
613 1001 772 1066 pertractus
799 997 835 1053 ad
863 995 957 1052 Vitel-

88 1095 155 1152 lium
174 1095 435 1167 interrogatusque,
458 1091 587 1168 quisnam
609 1091 771 1150 mortalium
790 1101 866 1164 esset,
883 1099 957 1166 post·

89 1181 171 1268 qoam
199 1195 281 1250 nulla
308 1193 396 1249 dictis
424 1191 505 1254 fides,
532 1197 562 1248 et
586 1208 603 1247 a
630 1193 748 1248 domino
776 1196 957 1262 noscebatur,

86 1291 254 1350 conditione
269 1291 419 1364 fugitivus,
448 1287 659 1358 nomineGeto,
686 1299 829 1364 sumptum
854 1295 891 1350 de
920 1311 957 1351 eo

87 1391 260 1464 supplicium
274 1391 411 1446 servilem
425 1389 456 1446 in
476 1389 601 1446 modum.

121 1491 184 1546 Vix
207 1489 350 1546 credibile
378 1494 538 1544 memoratu
566 1493 620 1553 est,
641 1491 778 1560 quantum
802 1489 953 1560 superbiae
967 1490 1008 1551 73

84 1589 290 1661 socordiaeque
305 1587 431 1644 Vitellio
454 1587 627 1653 adoleverit,
652 1593 801 1658 postquam
825 1590 954 1658 specula·

84 1694 159 1746 tores
174 1706 191 1744 e
207 1687 295 1760 Syria
312 1687 486 1759 Iudaeaque,
500 1683 630 1742 adortum
642 1681 673 1739 s'rr
687 1683 769 1740 verbo
782 1687 843 1743 cius
854 1683 954 1741 Orias·

83 1793 143 1852 rem,
159 1786 344 1844 nuntiavere.
388 1785 475 1850 Nam,
488 1785 544 1840 etsi
560 1783 642 1857 vagis
666 1785 761 1840 adbuc
775 1791 805 1840 et
832 1784 952 1842 incertis

82 1887 259 1951 auctoribus,
274 1890 336 1940 erat
361 1883 504 1939 tamenin
525 1899 574 1938 ore
598 1875 973 1956 famaqueVespasiauus,

82 2003 115 2044 ao
139 1989 309 2059 plerumque
331 1986 367 2039 ad
382 2000 488 2040 nomeu
502 1983 563 2040 eius
591 1981 731 2040 Vitellius
758 1985 950 2042 excitabatur.

81 2087 160 2143 Tum
188 2085 262 2156 ipse,
290 2083 501 2156 exercitusque,
526 2087 557 2138 nt
581 2083 799 2146 nulloaemuto,
814 2083 949 2149 saevitia,

80 2185 214 2248 libidine,
230 2189 322 2255 raptu,
342 2183 372 2239 in
387 2187 524 2238 externos
552 2199 644 2239 mores
669 2190 863 2256 proruperant.
907 2185 949 2241 At
962 2187 1002 2248 74

79 2282 283 2356 Vespasianus
312 2283 418 2337 bellum
439 2297 582 2355 armaque,
607 2287 637 2338 et
665 2285 762 2354 procul
793 2284 840 2338 vel
866 2277 949 2338 iuxta

77 2383 147 2439 sitas
165 2382 254 2446 vires,
268 2379 537 2450 circumspectabat.
579 2379 666 2436 Miles
692 2380 748 2452 ipsi
773 2381 846 2435 adeo
870 2396 949 2451 para·

77 2485 130 2552 tus,
146 2485 178 2537 ut
205 2485 391 2552 praeeuntem
406 2483 627 2543 sacramentum,
648 2483 678 2534 et
703 2479 795 2534 lausto
823 2477 948 2535 Vitellio

76 2580 178 2638 omnia
193 2583 371 2650 precantem,
396 2593 446 2649 per
469 2555 617 2632 sitentium
641 2557 794 2633 audierint.
837 2575 948 2632 Mucia·

77 2681 107 2737 ni
122 2679 240 2735 animus
256 2693 310 2732 neo
326 2675 510 2747 Vespasiano
524 2673 645 2742 alienus,
659 2683 689 2732 et
703 2675 733 2732 in
760 2675 862 2734 Titum
886 2695 947 2748 pro·

74 2780 151 2838 nior.
196 2775 362 2831 Praefectus
384 2773 525 2846 Aegypti,
546 2773 597 2828 Ti.
621 2775 798 2843 Alexander,
823 2776 947 2834 consilia

75 2877 252 2934 sociaverat.
308 2871 441 2928 Tertiam
470 2871 624 2944 legionem,
651 2874 725 2948 quod
754 2891 771 2929 e
801 2873 886 2948 Syria
914 2876 945 2932 in

75 2974 225 3032 Moesiam
239 2971 397 3036 transisset,
410 2987 490 3027 suam
505 2972 681 3028 numerabat.
700 2978 815 3029 ceterae
831 2974 943 3047 lllyrici

72 3073 208 3148 legiones
235 3079 387 3126 secuturae
419 3071 615 3142 sperabantur.
677 3072 811 3146 Namque
842 3063 944 3130 omnes

74 3172 226 3230 exercitus
241 3169 445 3236 flammaverat·
462 3168 631 3241 adrogantia
656 3171 835 3229 venientium
860 3191 877 3229 a
892 3173 944 3229 Vi·

74 3271 160 3328 tellio
189 3269 330 3338 mititum;
363 3269 437 3341 quod
465 3274 560 3325 truces
586 3285 715 3342 corpore,
749 3271 854 3326 horridi
887 3289 944 3326 ser·

75 3387 177 3433 moue,
190 3373 313 3432 ceteros,
336 3372 367 3422 ut
381 3367 504 3439 inpares,
529 3367 702 3422 inridebant.
744 3369 802 3422 Sed
826 3367 857 3433 ip
883 3375 943 3422 tarr·

75 3474 105 3526 ta
122 3468 201 3523 mole
217 3466 287 3523 betti
307 3467 472 3540 plerumque
496 3463 645 3520 cunctatio
658 3459 717 3518 :‘et
737 3461 948 3529 Vespasianus,

116 3582 191 3624 vor..
213 3581 248 3621 rr.
486 3555 552 3612 21*
