2100 3834
65 131 148 214 '32⁰
293 161 301 178 ¹
365 156 625 212 utercumeru·
700 176 746 188 „
805 157 880 205 us.
895 158 950 206 sss.

74 333 155 378 rum:
176 314 259 374 iuxta
283 319 380 373 scorto
409 319 439 372 el
459 313 564 374 scortis
594 310 722 371 similes:
756 311 950 387 quantumin

75 415 224 477 luxurioso
243 415 304 472 otio
335 413 508 482 libirlinum3
543 413 683 488 quicquid
703 411 736 468 in
757 411 951 468 acerbissima

74 515 249 588 captivitate
273 515 432 570 scelerum:
462 518 627 584 prorsusut
648 512 774 570 eandem
794 510 952 568 civitatem

75 621 106 672 et
125 614 218 672 furere
247 614 380 671 crederes
400 617 431 668 et
448 611 609 668 lascivire.
652 611 858 668 conflixerunt
878 617 952 666 cute

74 713 179 770 armati
214 711 369 773 exercitus
396 711 426 768 iu
462 713 542 776 urbe,
576 711 628 782 bis
656 711 690 766 L.
726 711 833 782 Sulla..
856 710 950 766 semel

76 811 174 871 ciana
196 811 362 868 victoribus.
373 827 439 868 ‚uec
454 816 523 866 tuno
538 811 634 866 minus
648 808 847 866 crudelitatis:
869 823 950 866 nuno
974 851 977 858 »

75 910 233 968 inhumane
253 910 403 974 securitas,
424 916 454 964 et
476 927 512 966 ne
544 909 667 966 minimo
699 908 817 981 quidem
838 914 950 980 tempo·

74 1008 113 1066 ris
145 1011 308 1080 voluptates
339 997 645 1064 intermissaesvelut
674 1007 756 1064 iestis
787 1008 891 1064 diebus
917 1007 949 1066 id

74 1124 185 1181 quoque
218 1107 354 1180 gaudium
386 1109 550 1174 accederet,
580 1110 778 1174 exsultabant,
814 1106 948 1164 frueban-

20 1198 139 1274 titum
160 1207 239 1262 nulle
261 1207 385 1276 partium
405 1223 484 1270 oure,
505 1207 589 1264 melis
609 1206 735 1278 publicis
757 1205 839 1262 laeti.
880 1207 952 1264 Plu-⁷

74 1305 178 1360 simum
198 1304 283 1360 molis
305 1305 335 1360 iu
355 1306 574 1377 oppugnatione
606 1309 767 1360 castrorum
787 1303 853 1370 suit,
872 1321 948 1378 quae

73 1403 230 1460 acerrimus
249 1403 379 1477 quiaque,
399 1410 438 1460 ut.
451 1403 641 1460 novissimam
660 1385 947 1475 spemretinebant.

74 1479 279 1561 botariano
300 1503 437 1566 uictores,
459 1503 614 1574 praecipuo
636 1509 768 1558 veterum
781 1501 949 1558 cohortium

75 1603 180 1668 studio,
200 1607 307 1658 cuncta
322 1599 565 1658 validissimarum
582 1601 694 1656 urbium
708 1600 836 1658 excidiis
852 1617 947 1672 reper-

76 1705 106 1758 te
136 1701 222 1788 simut
256 1700 642 1766 admoveantesturlinem,
674 1707 832 1767 tormenta,
860 1716 947 1774 egge·

76 1815 130 1862 res,
149 1797 303 1871 facesque:
334 1797 489 1871 ‘quidquid
510 1803 553 1854 tot
575 1797 691 1870 proeliis
713 1797 820 1855 laboris
841 1815 877 1854 ac
897 1815 948 1870 pe·¹

76 1897 181 1952 ‘riculi
202 1896 375 1960 hausissent,
388 1913 476 1968 opere
490 1897 543 1952 illo
556 1895 771 1963 consummeri,'
792 1897 948 1954 clamiten-

79 1998 132 2051 tea.
172 1993 303 2050 ‘Vrbem
320 1995 442 2052 Senatui
455 2012 491 2052 ac
511 1995 623 2067 Populo
637 1995 725 2054 Rom.
751 1998 862 2068 templa
877 1995 946 2053 uiis

75 2091 227 2160 ‘redditat
248 2093 394 2166 proprium
414 2111 478 2150 esse
493 2094 595 2150 militis
619 2095 709 2152 decus
720 2095 756 2166 in
776 2094 890 2172 castris.
911 2093 947 2152 il·

75 2192 151 2250 ‘lem
180 2191 312 2264 petriam,
332 2193 398 2250 illos
421 2193 556 2250 Penates.
580 2193 611 2250 ni
634 2193 735 2253 statim
757 2193 954 2268 recipiantur„

74 2296 210 2348 ‘noctem
220 2291 250 2354 iu
260 2290 347 2350 armis
355 2291 517 2365 agendam’
547 2291 656 2350 Contra
668 2292 949 2367 Vitellianiquam·

74 2405 159 2462 quem
174 2406 293 2448 numero
305 2389 422 2464 taloque
442 2390 580 2462 dispares,
601 2390 764 2464 inquietare
779 2391 949 2458 victoriam,

74 2487 179 2544 morari
200 2503 311 2560 paoem,
331 2489 432 2548 domos
458 2505 578 2562 arasque
595 2507 707 2548 cruore
739 2489 870 2560 foedare,
899 2507 952 2566 suff

74 2601 174 2655 prema
194 2585 281 2644 vietis
301 2586 405 2644 soletis
426 2589 684 2661 amplectebantur.
727 2588 818 2648 Multi
839 2590 947 2658 semia·

74 2681 177 2748 uimss,
203 2700 289 2756 super
319 2691 409 2742 turres
429 2691 460 2742 et
480 2689 694 2760 propugnacula
722 2687 948 2754 moeniumex·

74 2778 230 2850 spiravere.
254 2781 430 2840 oonvutsis
452 2783 549 2856 portis,
581 2785 707 2860 reliquus
734 2788 840 2860 globus
863 2789 949 2862 obis-⁴

74 2875 108 2934 lit
118 2893 154 2932 se
179 2876 355 2938 victoribus:
375 2886 406 2938 et
429 2881 562 2940 cecidere
584 2899 685 2940 omues
698 2886 863 2944 ¹contrariis
876 2888 947 2966 ,vul-¹

74 2975 200 3040 neribus,
222 2977 299 3034 versi
318 2977 350 3036 iu
370 2965 500 3038 bostem.
513 2997 551 3056 eq
573 2997 642 3038 eura
670 2981 762 3042 etiam
794 2985 943 3046 morienti·

21 3064 245 3132 8⁴5busalecori
272 3076 368 3132 esitus
396 3076 460 3134 suit.
501 3078 651 3146 Vitellius,
682 3087 771 3154 capte
791 3085 874 3151 urbe,
893 3101 944 3160 per

74 3187 206 3228 eversum
226 3171 326 3243 palatii
347 3181 466 3242 purtem,
488 3177 680 3243 Aventinum,
694 3178 725 3235 in
739 3181 860 3238 domum
873 3199 941 3240 uxo

73 3267 120 3338 ris,
151 3269 254 3324 sellula
283 3269 427 3331 ‹lelerturr
459 3279 499 3340 ut,
530 3275 556 3332 si
585 3276 799 3344 diemlatebra
821 3282 941 3340 vitavis-

73 3369 127 3428 set,
149 3363 340 3422 Terracinam
361 3366 397 3422 ed
418 3371 551 3428 cobortes
573 3372 747 3450 fratremque
768 3379 940 3454 perfugeret.

74 3457 153 3516 Dein
184 3460 345 3520 mobilitate
373 3463 494 3538 ingenii,
523 3474 553 3526 et
580 3488 654 3545 quae
685 3481 791 3534 natura
827 3479 942 3553 pavoris
