2114 3830
93 195 161 244 uc.
177 199 215 244 n.
319 199 390 246 orn.
418 199 465 248 rv.
515 203 593 249 ona.
620 181 789 251 ‹tc-49.
888 186 960 255 363

89 363 169 422 perus
190 353 246 409 sed
261 353 387 426 carptim
400 371 436 410 uc
460 355 583 429 singuli:
604 374 659 430 quo
673 357 818 414 tutissimo
835 359 962 416 remedio

89 463 250 508 consensus
267 453 460 510 multitudinis
475 462 655 511 extenuatur.
701 457 837 513 Ceterum
854 475 960 514 serane
971 463 1012 525 47

87 553 235 620 pauperie,
251 567 291 606 an
306 551 348 607 uti
363 552 518 619 videretur,
532 560 628 609 actum
644 555 672 610 in
700 556 819 618 Senatu,
834 562 881 611 ‘ut
896 541 961 612 sexi

86 649 218 706 ‘centies
245 651 442 707 sestertium
468 652 588 724 privatis
604 661 730 708 mutuum
755 654 959 724 acciperetur?
1045 671 1046 678 ¹

85 743 334 820 Praepositusque
367 751 394 805 ei
425 767 511 806 curae
543 752 694 823 Poppaeus
726 753 873 808 Silvanus.
904 769 959 809 uec

84 847 176 900 multo
202 854 272 919 post
295 851 455 904 necessitas
476 849 555 914 abiit,
584 850 648 906 sive
672 849 778 906 omissa
802 849 958 907 simulatio.

82 942 235 1018 abrogati
270 947 350 1012 iude,
379 949 472 1019 legem
506 949 616 1022 terente
638 949 820 1015 Domitiano,
848 951 958 1006 Consu·

81 1039 166 1108 latus,
198 1063 274 1118 quos
305 1046 445 1102 Vitellius
475 1048 602 1103 dederat.
658 1049 813 1121 Funnsque
849 1048 958 1104 Censo-

81 1138 152 1197 rium
169 1143 285 1199 Flavio
308 1144 418 1200 Sabino
440 1145 576 1200 ductum:
598 1163 702 1218 magna
728 1147 902 1202 (loramento
915 1147 958 1203 in*

81 1240 196 1296 stabilis
214 1243 375 1305 Fortunae,
389 1259 556 1315 summaque
570 1249 599 1299 et
623 1244 679 1300 ima
695 1245 852 1300 miscentis.
885 1245 957 1302 ’Βιὼ
968 1249 1008 1307 48

82 1333 158 1393 idem
174 1345 293 1410 tempus
308 1341 343 1397 1..
369 1340 437 1396 Piso
459 1341 616 1398 Proconsul
641 1341 820 1398 interficitur.
861 1341 905 1398 Ea
919 1344 956 1400 do

81 1439 173 1492 caede
192 1456 282 1511 quam
297 1439 448 1495 verissime
470 1441 633 1510 expediam,
655 1441 679 1495 si
706 1456 796 1510 peuce
810 1457 894 1512 supro
915 1459 956 1496 re-

11 1519 41 1548 ''
82 1535 207 1605 petiero,
223 1539 261 1594 ob
285 1537 369 1593 initio
392 1539 556 1610 caussisque
585 1539 685 1594 talium
710 1538 869 1607 facinorum
897 1555 954 1594 nou

81 1634 220 1692 absurda.
261 1637 355 1710 Legio
376 1637 406 1692 io
433 1637 533 1694 Africa
553 1637 718 1708 auxiliaque
748 1635 873 1691 tutandis
899 1636 955 1691 lm·

82 1733 155 1802 perii
177 1733 363 1799 tinibus,sub
386 1736 423 1792 D.
452 1737 584 1808 Augusto
609 1734 786 1806 Tiberioque
815 1717 954 1806 Principi-

82 1828 144 1894 bus,
167 1833 344 1890 Proconsuli
370 1835 519 1904 parebant.
561 1831 633 1888 Mox
663 1833 696 1888 C.
727 1834 843 1900 Caesar,
868 1831 954 1889 turbi-

82 1927 134 1984 dus
169 1931 272 1994 animi,
302 1911 341 1986 ac'
360 1931 402 1987 Μ.
438 1932 580 1995 Silanum,
600 1931 779 1987 obtinentem
814 1931 952 1997 Africum,

82 2033 228 2094 meluens,
262 2031 387 2085 ablatam
419 2029 590 2086 Proconsuli
621 2029 774 2102 legionem,
806 2031 893 2086 misso
920 2031 952 2086 in

83 2139 225 2184 eemrern
254 2129 366 2200 Legato
390 2127 517 2184 tradidit.
538 2135 675 2201 aequatus
703 2113 779 2184 iuter¹
805 2130 875 2184 rluos
904 2131 951 2184 be-

82 2224 254 2282 neficiorum
274 2231 470 2294 numeruqet,
498 2226 596 2284 mixtis
626 2226 768 2300 utriusque
797 2226 950 2292 mandatis,

83 2319 229 2381 discordie
254 2324 392 2397 quaesite,
407 2330 547 2398 auctaque
573 2341 663 2397 pravo
684 2324 853 2380 certamine.
896 2325 950 2380 Le·

82 2427 214 2490 gaiorum
243 2409 290 2476 nie
312 2422 442 2478 adolevit
465 2423 654 2479 diuturnitate
682 2421 779 2485 officii,
808 2422 855 2478 vel
883 2421 950 2496 quia

83 2518 241 2576 minoribus
252 2519 341 2575 naaior
352 2521 517 2576 aemulandi
531 2539 598 2576 curn
608 2540 616 2588 3
627 2521 838 2588 *Proconsulum
854 2522 949 2592 splen·

82 2614 249 2673 didissimus
269 2619 387 2692 quisque
400 2617 549 2675 securitati
570 2619 670 2690 magis,
692 2635 777 2691 quam
800 2617 947 2690 potentiae

80 2717 281 2771 consulebant.
323 2717 456 2772 Seritam
483 2715 628 2790 legionem
647 2717 677 2772 iu
702 2716 805 2773 Airice
830 2720 946 2790 regebat
959 2711 999 2767 49

81 2807 219 2869 Valerius
253 2815 368 2881 Festus,
388 2823 570 2888 sumptuosae
597 2815 824 2882 adolescentiae,
852 2833 946 2890 neque

81 2909 196 2966 modica
228 2912 358 2984 cupieos,
382 2919 413 2968 et
440 2911 590 2968 adfinitate
617 2913 735 2969 Vitellii
762 2914 873 2972 anxius.
916 2917 946 2972 is

83 3009 191 3064 crebris
204 3009 382 3066 sermonibus
396 3011 591 3068 tentaveritne
608 3011 753 3068 Pisonem
778 3014 814 3068 ad
828 3032 872 3070 res
898 3031 946 3070 no-

83 3109 144 3172 vas,
173 3125 210 3163 en
236 3109 360 3165 tentanti
383 3097 530 3176 restiterit,
550 3109 711 3178 incertum
742 3110 876 3184 quoniam
903 3127 946 3166 se·

83 3212 162 3264 creto
190 3223 288 3263 eorunr
316 3225 403 3264 nemo
429 3207 530 3274 enituit,
557 3213 595 3274 et,
622 3209 721 3263 occiso
751 3208 866 3271 Pisone,
887 3208 945 3275 ple-

83 3304 160 3378 rique
190 3306 226 3360 ad
260 3306 381 3379 gratiam
414 3306 605 3363 interfectoris
636 3307 825 3362 inclinavere.
879 3302 944 3357 Nec

84 3401 244 3478 ambigitur,
277 3403 459 3476 provinciam
492 3412 521 3462 et
555 3408 678 3463 militem
715 3403 843 3458 alienato
875 3415 945 3470 erge
