2100 3816
88 209 203 260 sc.rc.
308 211 380 260 nra.
416 213 439 261 r.
490 165 653 262 oer52.
680 197 738 262 53.
872 195 943 264 163

88 364 285 426 eamindicio:
308 367 338 426 ln
352 369 455 443 quibus
469 371 583 428 sordem
610 333 807 430 manentiam
823 369 944 428 Fonteii

87 464 241 537 Capitonis,
250 467 414 524 adimendis
435 469 663 542 adsignandisve
685 469 808 528 milities
827 469 935 528 ordini·
996 537 997 540 Ἴ

88 562 142 629 bus,
150 565 262 638 integre
272 575 444 624 mutaverat.
456 569 520 626 Nec
533 565 703 626 Consularis
714 569 819 641 Legati
830 583 942 626 mensu·

87 678 122 729 ra,
139 665 233 722 sedin
260 665 462 724 maiuscmnia
474 667 701 740 accipiebantur.
742 668 781 726 Et
803 666 941 726 Vitellius

87 764 154 834 apud
162 779 279 820 severos
294 765 420 822 humilis.
444 767 476 822 ld
491 765 659 824 comitatem
672 767 888 839 bonitatemque
903 765 942 824 ia·

86 868 180 920 rentes
192 865 346 930 vocabant,
357 865 432 938 quod
446 865 510 920 sine
522 867 615 932 modo,
629 865 693 922 sine
703 865 813 923 iudicio
821 866 943 924 donaret

85 975 139 1026 sus,
158 963 308 1035 largiretur
327 963 442 1020 eliens:
476 965 574 1029 simrrl,
600 963 743 1022 ariditate
770 963 941 1037 imperandi,

87 1058 142 1131 ipss
156 1060 225 1118 vitia
246 1077 299 1134 pro
321 1062 475 1120 virtutibus
503 1063 775 1135 interpretabantur.
799 1061 883 1122 multi
910 1062 941 1119 in

87 1163 193 1232 utroque
220 1160 353 1219 exercitu
380 1161 456 1218 sicut
480 1153 611 1218 modesti
631 1161 789 1236 quietique,
809 1162 850 1218 ita
871 1160 941 1220 mali

87 1261 112 1314 et
133 1257 248 1315 strenui.
304 1260 364 1318 Sec
384 1259 497 1330 proluar
518 1261 655 1332 cupidine
669 1266 698 1317 et
723 1260 831 1334 insigni
851 1269 940 1318 terne·

86 1355 162 1414 ritate
181 1357 287 1432 Legati
314 1357 472 1428 legionum,
496 1359 620 1418 Alienus
642 1358 773 1418 Cercina
786 1365 816 1416 et
830 1359 939 1416 Fabius

85 1453 206 1516 Valens:
225 1475 244 1514 e
254 1457 357 1531 quibus
372 1457 495 1524 Veiens,
509 1457 640 1514 intensus
654 1457 778 1524 Galbae,
794 1463 941 1531 tamquam

86 1555 220 1614 detectam
235 1573 252 1614 a
266 1575 299 1614 ae
314 1557 451 1630 Verginii
475 1557 705 1623 cunctationem,
732 1572 868 1640 oppressa
884 1555 940 1614 Oa-

85 1653 184 1725 pitonis
197 1653 321 1712 consilia
335 1657 450 1730 ingrate
474 1657 596 1722 tulisset,
611 1655 751 1729 instigare
776 1650 940 1723 Vitellium,

85 1750 203 1809 ordoren
228 1752 349 1812 militum
362 1760 521 1814 ostentans.
562 1755 682 1826 ‘Ipsum
705 1751 816 1812 celebri
836 1752 940 1826 ubique

85 1851 193 1908 ‘lamas
215 1856 325 1910 nnllam
338 1854 369 1910 in
386 1853 497 1914 Flacco
513 1852 681 1910 Hordeonio
692 1869 821 1909 morsm:
843 1851 941 1908 adfore

86 1949 301 2008 ‘Britanniam
322 1957 456 2010 secuturs
475 1952 688 2010 Germanorum
715 1950 845 2010 auxilie:
866 1953 943 2010 mels

84 2049 166 2106 ‘brias
181 2051 363 2122 provincias:
384 2033 545 2124 precarium
559 2051 623 2108 seni
638 2051 846 2124 imperiumst
860 2049 942 2108 brevi

86 2148 290 2206 ‘transiturum
311 2151 450 2222 penderet
465 2151 550 2206 modo
571 2149 665 2206 sinum
679 2155 709 2206 et
724 2148 857 2205 venienti
871 2148 941 2204 For·

85 2247 182 2303 ‘tunae
208 2253 383 2304 occurreret.
438 2247 547 2306 Merito
574 2247 721 2304 dubitasse
757 2245 941 2318 Verginium,

84 2337 233 2420 ‘Equestri
248 2346 368 2412 familia,
380 2346 482 2419 ignoto
496 2351 578 2418 petre
593 2365 600 2401 ε
620 2347 760 2418 inparem,
776 2345 801 2402 si
816 2343 942 2416 recepis-

85 2446 145 2500 ‘set
165 2447 332 2519 Imperium,
354 2451 456 2514 tuturo,
475 2445 501 2502 si
523 2450 693 2503 recusasset.
735 2441 861 2500 Vitellio
883 2445 941 2498 tres

85 2547 188 2616 ‘patris
202 2547 391 2610 Consulatus,
412 2546 582 2610 censuram,
603 2542 770 2617 conlegium
798 2541 962 2606 Caesaris,

85 2644 235 2717 ‘inponere
245 2637 417 2718 'iampridem
429 2643 615 2716 imperatoris
629 2641 838 2716 dignationem,
851 2639 941 2696 auter·

83 2743 123 2800 ‘ri
144 2745 251 2814 privati
273 2740 480 2802 securitatem?
520 2743 711 2814 quatiebatur
735 2741 780 2798 tris
793 2757 883 2814 segne
898 2739 939 2796 in·
951 2743 994 2803 53

83 2844 203 2916 genium,
217 2849 250 2902 ut
276 2844 496 2918 concupisceret
524 2842 626 2915 magis,
649 2857 734 2914 quam
748 2848 778 2898 ut
802 2843 939 2912 speraret.

82 2944 120 3000 At
134 2944 164 3002 in
180 2943 327 3015 superiore
349 2941 519 3009 Germania,
532 2941 671 3009 caecina,
691 2941 796 2996 decora
810 2939 940 3002 iuventa,

81 3058 196 3116 corpore
209 3043 322 3116 ingens,
333 3043 424 3100 animi
436 3039 611 3104 inmodicus,
621 3039 697 3096 scito
710 3053 852 3105 sermone,
863 3051 941 3094 erac·

81 3145 107 3198 to
128 3121 256 3208 incessu,
281 3141 377 3197 studia
411 3140 536 3196 militurn
564 3137 716 3196 inlexerat.
759 3136 845 3194 Hunc
862 3135 942 3192 iuve-

80 3221 143 3300 nern
160 3241 266 3306 Galba,
282 3241 470 3312 Quaestorem
495 3237 526 3293 in
551 3235 683 3303 Baetice,
705 3233 816 3308 inpigre
830 3233 860 3290 in
880 3249 941 3304 par-

80 3329 121 3398 te's
154 3357 222 3398 suas
257 3343 474 3410 transgressum,
508 3335 618 3408 legioni
654 3331 840 3405 praeposuit:
873 3345 941 3388 mox

80 3443 269 3514 compertum,
283 3436 430 3511 publicana
444 3432 600 3508 pecuniam
621 3429 771 3494 avertisse,
785 3432 815 3482 ut
829 3427 943 3497 pacuis-
