2158 3820
19 203 20 210 ,
116 174 241 223 aceo.
348 153 841 224 urn.xrv.car.10.-12.
944 159 987 226 11

19 311 22 382 l
120 327 248 385 victimis
271 326 521 402 allegationibus
549 326 690 386 laetitiam
716 328 833 388 testari:
854 328 926 403 ipse,
948 331 991 390 di·

19 473 20 478 ,
119 443 202 484 versa
231 426 429 493 simulatione,
460 431 595 495 maestus,
625 433 655 485 et
681 428 763 502 quasi
793 429 991 490 incolumitati

19 543 20 550 ¹
117 544 182 584 snae
197 526 338 592 intensus,
359 541 395 582 ac
416 525 503 583 morti
523 526 651 601 parentis
671 527 868 586 inlacrimans.
911 529 990 602 Quia

19 591 20 648 3
120 631 214 683 tamen
237 643 307 692 nou,
336 629 368 681 ut
388 625 538 684 bominum
560 628 665 691 vultus,
686 627 726 684 ita
749 627 877 686 locorum
897 627 988 688 iacies

119 731 272 792 mutantur,
303 725 568 799 obversabaturque
598 725 684 782 maris
713 725 792 783 illius
812 731 843 784 et
873 726 989 786 litorum
1058 789 1059 796 χ

121 825 216 900 gravis
237 825 393 897 adspectus
412 821 457 900 (et
487 828 580 890 erant,
600 826 649 898 qui
669 827 833 892 crederent,
863 825 990 886 sonitum

119 927 203 982 tubae
237 924 361 981 collibus
396 923 506 980 circum
526 923 621 990 editis,
657 927 847 1000 planctusque
878 927 989 984 tumulo

120 1024 218 1082 matris
239 1019 347 1098 audiri)
380 1022 538 1094 Neapolim
566 1017 721 1091 coacessit,
752 1023 919 1100 litterasque
949 1025 988 1082 ad

121 1124 261 1180 Senatum
294 1121 382 1188 misit,
410 1139 528 1195 quarum
556 1139 666 1178 summa
697 1127 777 1182 erat:
807 1113 1036 1198 ‘Reperturull

117 1227 201 1280 ‘cum
216 1222 292 1278 terro
307 1238 503 1294 percussorem
523 1222 689 1295 Agerinum,
704 1239 742 1278 ex
756 1222 866 1280 intimis
884 1221 987 1296 Agrip·

19 1307 20 1324 ¹
116 1321 223 1396 ‘pinne
244 1319 367 1386 libertis,
388 1325 417 1376 et
439 1320 525 1376 luisse
552 1339 616 1378 eam
642 1339 765 1394 poenam
793 1323 987 1392 numulariis,

115 1429 197 1497 ‘qua
220 1422 318 1477 scelus
349 1417 530 1491 paravisset!
574 1399 742 1480 Adiiciebat
772 1421 896 1480 crimina
926 1423 987 1480 lou·

115 1520 178 1596 gius
201 1521 351 1592 -repetitm
385 1520 479 1592 ‘quod
513 1519 692 1576 consortium
723 1521 851 1592 lmperii,
883 1521 988 1578 iuratu-

19 1601 20 1652 s
105 1625 123 1652 ⁴
134 1637 239 1694 resque
259 1617 291 1674 in
310 1617 437 1674 laminae
460 1619 548 1673 verba
563 1617 726 1674 Praetorias
740 1619 884 1685 cohortes,
897 1618 987 1678 idem·

19 1787 24 1804 ¹
116 1725 193 1794 ‘que
213 1720 341 1775 dedecus
374 1719 498 1774 Senatus
526 1722 556 1773 et
585 1717 688 1790 Populi
718 1718 912 1790 speravisset:
941 1735 987 1786 ac,

115 1821 326 1892 ‘posteaquam
346 1817 447 1872 trustra
471 1821 571 1888 optata
592 1817 660 1884 sint,
692 1817 804 1874 intensa
826 1818 911 1875 militi
932 1819 987 1876 Pa·

104 1919 284 1992 “tribusque
312 1921 342 1972 et
364 1916 450 1988 plebi,
469 1915 652 1972 dissuasisset
675 1917 846 1974 donativum
866 1924 896 1975 et
916 1933 987 1976 con·

115 2017 270 2091 ‘giarium
300 2016 485 2089 periculaque
509 2014 579 2072 viris
599 2014 768 2072 inlustribus
792 2016 986 2074 instruxisset.

114 2118 257 2188 ‘Quanto
290 2131 343 2171 suo
376 2115 474 2170 labore
505 2119 707 2186 perpetratum,
741 2133 778 2172 ne
810 2115 987 2188 inrumperet

114 2219 255 2284 ‘curiam
290 2236 328 2276 ue
361 2205 496 2292 gentibus
529 2218 658 2274 externis
700 2236 837 2290 respousa
870 2215 987 2276 daret?

117 2317 300 2391 Temporum
321 2335 432 2391 quoqne
463 2317 688 2374 Claudianorum
716 2319 833 2392 obliqua
863 2318 987 2374 insecta·

114 2417 207 2483 tione,
228 2422 337 2473 cuncta
364 2415 426 2472 eius
446 2415 652 2473 dominationis
673 2416 782 2491 flagitia
803 2416 833 2472 in
865 2421 987 2472 matrem

114 2515 275 2580 transtulit,
291 2511 405 2590 publicu
427 2511 551 2591 somnne
577 2513 723 2584 extinctam
740 2513 875 2572 reterens.
907 2532 986 2572 nam·

115 2633 171 2688 quc
193 2620 222 2670 et
245 2613 423 2686 naufragium
445 2615 595 2670 narrabat:
626 2617 700 2688 quod
722 2615 869 2672 fortuitum
888 2613 986 2684 luisse,

113 2714 180 2787 buis
208 2714 284 2768 adeo
315 2713 405 2768 hebes
435 2712 625 2780 inveniretur,
655 2719 686 2770 ut
715 2711 870 2771 crederet?
891 2721 986 2792 aula

113 2812 239 2868 muliere
261 2811 397 2884 naufraga
418 2812 535 2868 missum
566 2829 632 2868 cum
664 2814 723 2868 telo
744 2830 840 2879 unum,
861 2812 910 2886 qui
938 2829 986 2869 co·

113 2909 223 2978 burtes,
245 2915 275 2966 et
303 2913 411 2966 classes
441 2911 623 2982 Imperatoris
654 2909 867 2983 perfringeret?
907 2911 986 2986 Ergo

113 3027 175 3066 non
208 3009 267 3065 iam
298 3009 386 3075 Nero,
416 3009 498 3066 cuius
526 3009 682 3067 inmanitas
712 3010 840 3067 omnium
869 3015 985 3084 questus

19 3163 20 3186 ,
111 3108 258 3175 anteibat,
289 3109 339 3164 sed
369 3109 493 3164 adverso
523 3125 634 3164 rumore
667 3110 782 3166 Seneca
811 3115 882 3174 erat,
914 3107 989 3184 quod

113 3205 243 3262 oratione
269 3204 322 3262 tali
348 3204 543 3285 curmessiacum
570 3206 735 3282 scripsisset.
778 3207 854 3264 Miro
887 3212 984 3262 tamen
999 3219 1038 3277 η

19 3287 23 3360 i
111 3305 279 3361 certamine
290 3323 438 3376 procerum
449 3307 643 3360 decernuntur
656 3311 664 3336 ‘
675 3304 901 3374 supplicationes
911 3305 987 3371 aptnd

19 3467 20 3472 ἵ
114 3404 240 3460 ‘omnia
254 3404 429 3477 pulvinaria,
448 3411 534 3476 utque
557 3402 762 3474 Quinquatrus,
782 3399 884 3469 quibus
908 3407 989 3463 aper·
