2114 3830
99 139 172 210 366
388 159 641 210 ursaonmarn
820 159 969 210 anana

98 313 291 388 Vespasiano,
311 318 376 388 post
397 314 624 372 Cremonensem
644 331 770 389 pugnam
798 319 829 372 et
848 333 970 389 prospe-

98 430 144 471 ros
164 413 289 488 nudique
310 413 434 480 nuutios,
448 412 576 470 cecidisse
599 413 627 469 V
627 412 751 477 itetliam.
773 415 856 472 multi
868 415 971 472 cuius-

97 530 153 588 que
173 511 291 580 ordinis,
311 512 372 586 pari
396 513 517 570 audacia
537 513 703 588 fortunaque
718 515 871 587 hibernum
905 531 970 570 ma-

98 629 128 668 re
143 609 278 684 adgressi,
299 610 480 668 nuntiavere.
524 613 653 669 Aderant
674 612 764 686 legati
790 612 878 686 Regis
901 612 970 668 Vo-

97 711 200 783 logesi,
214 709 420 784 ‘quadraginta
436 709 605 766 Parthorum
620 711 747 784 equitum
769 709 869 776 miliia,
895 710 970 766 offe·

97 814 205 866 rentes.
265 807 453 882 Magnificum
488 810 662 882 tactumque,
695 808 784 864 tantis
817 807 967 865 sociorum

97 905 215 964 auxiliis
234 906 347 972 ambiri,
372 925 465 980 neque
488 906 628 978 indigere.
671 906 791 963 Gratiae
811 907 968 978 Vologeso

98 1009 194 1072 actae,
214 1006 445 1078 mandatumque,
458 1010 466 1037 ‘
478 1012 508 1060 ut
524 1006 633 1078 togatos
647 1005 683 1060 ad
707 1007 847 1062 Senatum
866 1004 967 1060 mitte·

98 1107 164 1159 ‘ret
177 1107 207 1160 et
221 1120 323 1174 pacem
338 1120 401 1158 esse
415 1100 522 1159 sciret.’
561 1102 769 1174 Vespasianus,
791 1104 820 1158 in
844 1102 966 1158 ltaliam

96 1217 197 1274 resque
222 1201 300 1256 urbis
323 1199 462 1264 intentus,
482 1201 632 1257 adversam
657 1203 694 1256 de
719 1200 890 1258 Domitiano
922 1201 967 1258 ia·

95 1315 173 1355 mam
187 1297 295 1370 accipit
308 1318 314 1353 ε
336 1304 344 1331 ¹
357 1304 500 1374 tamquam
517 1299 652 1356 terminos
664 1300 767 1356 aetatis
777 1304 807 1355 et
820 1316 967 1356 concessa

43 1463 47 1479 ι
96 1396 176 1454 ‘titio
209 1395 410 1470 egrederetur?
452 1397 542 1470 igitur
570 1398 779 1456 validissimam
813 1397 965 1455 exercitus

96 1501 206 1568 partem
223 1496 297 1552 Tito
311 1496 406 1560 tradit,
420 1496 455 1551 ad
471 1496 579 1570 reliqua
592 1497 705 1552 Iudaici
717 1498 786 1553 betti
798 1503 966 1569 perpetran-

43 1594 143 1652 uada.
186 1595 299 1658 Titum,
333 1600 488 1667 autequam
522 1595 727 1667 digrederetur,
760 1597 850 1652 mutto
882 1596 966 1667 apud

95 1698 205 1767 patrem
225 1709 357 1749 sermone
378 1709 474 1748 orasse
488 1692 647 1757 dicebatur,
671 1699 726 1748 ‘ne
740 1693 965 1750 criminantium

95 1792 224 1848 ‘nuntiis
238 1799 345 1848 temere
360 1793 584 1850 accenderetur:
598 1791 796 1870 integrumque
810 1811 842 1848 se
855 1810 891 1848 ac
904 1795 968 1865 pla·

96 1889 241 1946 ‘cabilern
256 1890 318 1946 titio
332 1896 499 1962 praestaret.
541 1891 609 1946 Nou
624 1889 761 1964 regiones,
774 1909 830 1947 non
842 1893 968 1962 classes,

94 1986 234 2060 ‘perinde
248 1988 329 2044 firma
348 1987 462 2061 imperii
486 1987 674 2055 munimenta,
698 2007 782 2062 quam
810 2007 967 2046 numerum

94 2085 277 2143 ‘liberorum
321 2087 397 2142 Nam
412 2087 520 2142 amicos
542 2093 679 2158 tempore,
704 2087 824 2154 fortuna,
849 2087 967 2158 cupidi·

95 2184 197 2242 ‘nibus
219 2185 383 2258 aliquando,
403 2189 451 2240 aut
475 2183 625 2250 erroribus,
649 2185 779 2251 inminui,
804 2183 969 2251 transferri,

95 2283 247 2341 ‘desinere
259 2302 265 2338 :
287 2299 369 2338 suum
381 2281 485 2357 cuique
498 2283 676 2356 sanguinem
687 2282 883 2345 indiscretum,
909 2283 968 2340 sed

95 2381 239 2438 ‘maxime
255 2375 456 2452 Principibus:
477 2397 595 2453 quorum
623 2381 763 2452 prosperis
788 2385 817 2436 et
839 2379 889 2436 atii
907 2381 968 2439 t'ru·

94 2484 204 2543 ‘antur,
229 2479 352 2534 adversa
375 2479 410 2534 ad
437 2477 630 2534 iunctissimos
654 2479 824 2550 pertineant.
847 2495 882 2534 ne
907 2479 967 2536 fra·

95 2577 203 2633 ‘tribus
237 2576 352 2650 quidem
383 2591 544 2631 mansuram
574 2577 768 2640 concordiam,
789 2577 819 2632 ni
853 2585 968 2648 parens

95 2678 280 2746 ‘exemptum
302 2671 494 2745 praebuisset?
535 2673 742 2746 Vespasianus,
770 2676 843 2730 baud
864 2692 968 2748 aeque

95 2773 265 2830 Domitiano
293 2771 448 2844 mitigatus,
476 2789 560 2844 quam
597 2772 661 2829 Titi
688 2774 795 2844 pietate
815 2774 967 2846 gaudens,

98 2872 192 2926 ‘bono
206 2888 269 2926 esse
284 2869 389 2926 animo'
404 2872 492 2933 iubet,
507 2877 515 2902 ⁶
528 2872 659 2944 belloque
674 2877 704 2926 et
718 2872 802 2927 armis
815 2872 968 2943 Rempub

95 2968 199 3026 ‘ticam
215 2970 374 3024 adtotterc:
396 2968 452 3024 sibi
468 2986 568 3040 pacem
587 2971 760 3043 domumque
773 2987 856 3026 curae
877 2970 970 3028 sore)

96 3067 175 3126 Tum
197 3065 361 3123 celerrimas
389 3055 517 3135 navium,
544 3068 686 3125 frumento
713 3075 836 3131 onustas,
864 3085 969 3128 saevo

122 3245 195 3292 Suam
205 3246 284 3304 cuipare
298 3245 429 3300 sanguinem
444 3247 599 3308 indiscretum]
632 3249 660 3296 H.
672 3263 691 3294 e.
703 3249 786 3296 liberos
796 3248 897 3308 cuiusque
910 3265 968 3298 esse

94 3304 246 3412 :eii'azrctissimo
256 3303 342 3354 viuculo
351 3305 485 3361 coniunctos,
496 3313 520 3351 ut
530 3307 604 3354 omnia
613 3309 700 3371 parenti
709 3309 969 3370 tiberisquecomarunia
