2090 3838
82 195 203 246 aaa.
328 197 400 246 ma.
430 199 453 246 1.
503 198 581 248 can.
599 179 767 249 73.-76.
869 183 937 251 177

82 350 252 408 malatinae:
273 369 353 417 mox,
366 353 447 428 qnasi
462 353 599 422 rixantes,
620 362 717 430 stupra
731 363 760 414 at
773 356 883 432 flagitia
896 357 939 416 ia·

83 447 176 506 vicem
200 450 396 510 obiectavere.
426 460 528 512 neuter
547 455 629 512 lalsn.
669 455 755 520 Otho,
784 457 938 526 rennuatis,

81 564 146 619 qnos
169 549 262 606 Galba
284 551 411 617 miserat,
433 553 544 626 legatis,
565 571 658 612 masaa
682 555 755 612 alios
775 555 812 611 ad
835 561 939 614 utrum·

81 664 131 720 que
146 649 353 708 Germanicum
367 653 528 710 exercitum
542 661 572 710 et
585 656 622 712 ad
636 655 781 728 legionem
797 654 941 722 ltaliaam,

81 762 191 820 easque,
211 767 284 822 quae
308 751 444 824 Lugduni
467 754 602 825 agebant,
628 753 737 826 copias,
764 751 863 825 speaie
889 753 939 808 Sa·
1034 773 1035 824 χ

80 849 159 899 natas
191 845 280 904 misit.
341 847 445 922 Legati
474 848 549 920 apud
582 849 738 906 Vitellium
766 863 939 916 remansere,
1034 853 1035 924 ᾗ

80 943 243 1016 promptius,
276 962 362 1018 quam
395 953 426 1004 ul
456 947 562 1004 solenti
596 947 771 1004 viderentur.
823 945 939 1004 Praeto-

82 1041 160 1110 riaai,
184 1061 267 1126 gnos,
296 1063 347 1118 per
367 1046 581 1103 simulationem
602 1047 699 1111 officii,
726 1045 830 1120 legatis
859 1047 938 1104 Ollio

80 1142 255 1218 adiunxqtaa
278 1144 399 1209 remissi,
424 1153 578 1219 antequam
603 1145 763 1218 legionibus
784 1147 937 1206 misceren-

80 1245 128 1296 tur.
170 1243 262 1300 Addit
285 1243 422 1314 epistolas
447 1244 556 1302 Fabius
582 1243 705 1309 Valens,
724 1245 841 1302 nomina
866 1245 937 1303 Gar·

79 1341 361 1407 maniaiexesnilus,
386 1343 422 1398 ad
447 1341 609 1400 Praetorias
632 1349 662 1400 et
688 1345 811 1400 urbanas
837 1346 937 1402 oolsos·
1034 1405 1035 1416 p

78 1441 127 1506 tes,
139 1442 176 1498 sle
190 1441 300 1498 visibus
322 1421 445 1514 partium
465 1441 634 1516 magnificas
648 1448 678 1500 et
699 1443 883 1501 concordiam
897 1442 938 1499 ot-

75 1538 205 1598 letantes.
257 1540 431 1612 laarepabst
454 1543 539 1607 ultro,
566 1537 640 1617 qnod
660 1547 738 1598 tanto
764 1547 828 1597 nats
850 1537 937 1598 tradi·

75 1643 130 1694 laem
157 1636 273 1696 Visellio
309 1637 460 1714 Imperium
482 1637 523 1696 ad
539 1637 673 1698 Othonem
700 1640 850 1696 mansan
891 1639 938 1698 lta

77 1737 221 1808 promissis
238 1737 324 1795 simul
347 1755 381 1794 aa
405 1737 491 1796 minis
505 1741 708 1806 tentabanturp
725 1735 839 1796 altiollo
858 1735 943 1815 inpa'

75 1852 125 1902 res,
138 1835 169 1892 s'n
188 1853 259 1912 pace
272 1834 344 1894 nilsil
365 1833 509 1893 amissuri.
541 1855 635 1912 neque
656 1838 724 1894 islan
737 1839 936 1896 Plaetoriano·

76 1951 133 1991 mm
153 1936 226 1992 fides
249 1940 366 1992 mutata.
409 1936 468 1992 Sed
495 1936 679 1994 insidiatores
705 1939 741 1994 ab
762 1937 878 1995 Othone
903 1937 989 2004 inl5

75 2033 270 2100 Germaniam,
283 2034 437 2092 aVitellio
458 2034 488 2091 in
504 2036 604 2092 urbem
618 2035 708 2092 miaai.
727 2037 852 2112 utrisque
866 2035 935 2094 irus·

76 2133 206 2190 traluita
237 2132 409 2192 Vitellianis
434 2133 552 2206 inpune,
576 2151 626 2206 per
649 2140 759 2192 tantam
786 2137 937 2192 hominum

73 2231 296 2298 multitudinem,
320 2237 418 2288 mulna
444 2231 607 2305 ignorantia
630 2232 812 2288 fallentibus:
846 2233 936 2295 Otho·

72 2329 162 2397 niani,
197 2328 329 2388 novitata
363 2331 469 2396 vultus,
500 2330 634 2387 omnibns
668 2330 798 2386 invinem
817 2330 935 2402 ignaris,

73 2429 273 2502 prodebantur.
333 2428 473 2486 Vitellius
500 2430 609 2486 litteras
636 2429 673 2484 ad
702 2427 863 2492 Titianum,
883 2428 934 2488 trs·

74 2532 145 2586 trem
173 2527 308 2594 Othonis,
328 2527 500 2600 composuit,
522 2525 635 2586 anitium
662 2524 717 2604 ipsi
738 2523 857 2605 filioque
876 2529 937 2586 aius

72 2626 220 2692 minitans,
233 2624 265 2682 ni
283 2623 434 2682 incolomes
450 2624 506 2682 sibi
524 2632 614 2683 mater
636 2643 671 2684 aa
696 2624 777 2684 liberi
795 2641 937 2683 seruaren-

69 2731 124 2784 tor.
165 2725 205 2783 Et
230 2725 311 2784 stetit
334 2726 436 2783 domas
457 2731 591 2800 utraque:
622 2727 674 2784 sub
699 2725 823 2791 Othone,
844 2725 937 2804 inaer-

71 2831 130 2884 lum
155 2842 194 2882 an
218 2828 314 2881 metu:
335 2823 476 2882 Vitellius
503 2823 597 2882 viator
616 2823 791 2882 elementiae
814 2825 936 2898 gloniam

68 2925 143 2982 nnn
187 2923 303 2980 namus
324 2923 434 2980 ononi
461 2923 597 2981 fiduciam
620 2922 731 2980 anoton
756 2941 793 2980 ex
814 2906 988 2996 lllyricolli

67 3022 198 3089 nuntius,
222 3018 333 3078 iurasse
353 3020 384 3078 in
407 3038 468 3078 enin
481 3018 645 3078 Dalmatiae
668 3037 703 3077 oe
722 3019 887 3080 Pannoniae
909 3027 935 3079 ei

68 3118 195 3180 Moesiae
208 3117 339 3194 legimns.
380 3120 462 3178 Idem
486 3137 523 3178 ex
553 3118 695 3191 Hispania
709 3120 856 3178 adlatum:
876 3122 935 3178 laa-

68 3222 210 3294 slalasque
225 3236 277 3292 per
291 3217 418 3276 edietum
439 3218 562 3278 Cluvius
584 3218 674 3276 Rufus
689 3238 697 3274 ε
717 3223 746 3274 et
761 3219 857 3275 statim
868 3233 935 3290 ong-

69 3319 163 3378 aitum
199 3322 255 3384 est,
281 3333 458 3376 conversam
497 3317 534 3373 ad
566 3315 731 3374 Vitellium
752 3313 934 3384 Hispaniam.

69 3419 118 3479 n'e
140 3417 306 3494 aquitania
332 3415 457 3494 quidem,
478 3429 650 3494 quamquam
677 3408 782 3471 alulio
794 3407 891 3466 cordo
904 3405 936 3464 in
