2090 3838
90 252 161 310 uc.
179 255 216 301 rs.
352 231 758 302 mn.1r.csr.6.-8.
877 233 946 304 199
1034 257 1035 278 ¹

81 404 139 462 iiiia
176 405 263 480 Syrie
297 405 484 482 Iudaeaque:
515 407 586 466 iude
618 407 758 468 contiuua
793 410 947 485 Aegyptus
1034 395 1035 444 ἶ

81 501 213 580 duaeque
243 504 395 578 legiones:
415 506 486 563 hinc
510 506 696 580 Cappadocia
724 507 890 583 Pontusque
917 512 948 566 et

80 603 217 678 quidquid
231 610 390 662 suanorum
411 605 559 662 Armeniis
574 607 778 679 praetenditur.
820 607 903 674 Asia,
917 611 947 666 st
1034 587 1035 620 ³

80 708 194 760 ceterae
208 701 388 774 provinciae,
408 719 463 760 nec
486 703 610 760 virorum
623 704 736 777 inopes,
761 709 791 762 et
805 705 947 778 pecuniae

80 803 245 872 opniemaa.
279 807 418 874 quantum
454 801 611 858 insularum
645 802 717 860 mari
751 802 887 877 cingitur,
917 807 948 862 et

80 899 208 969 parando
239 899 359 956 interim
387 901 466 956 bello
495 901 654 958 secundnm
682 905 829 975 tutumque
853 901 947 974 ipsum

79 1011 166 1053 mare.
188 997 256 1054 Non
272 998 391 1054 indebat
404 998 503 1054 Duces
517 999 632 1070 inpetus
646 999 787 1057 miiitum:
808 1001 869 1068 sed,
889 1001 976 1076 bei-7

79 1095 204 1152 lantibus
218 1095 295 1162 aliis,
310 1095 418 1168 piacuit
433 1095 598 1168 exspectari
614 1099 682 1154 belii
696 1097 818 1156 exitum.
833 1104 841 1132 ‘
854 1097 945 1158 victo·

81 1197 143 1250 ‘res
157 1195 309 1268 victosque
325 1211 480 1268 numquam
507 1194 599 1252 solida
614 1195 671 1252 ride
691 1197 865 1256 coalescere.
888 1213 945 1256 nec

81 1293 211 1360 ‘reterre
226 1293 383 1350 Vitellium
398 1310 435 1348 au
452 1294 598 1350 Othonem
618 1293 800 1366 superstitem
816 1297 946 1354 Fortuna

81 1389 215 1448 ‘iaceret
249 1391 348 1447 Rebus
361 1393 495 1448 secundis
510 1392 598 1450 etiam
612 1393 742 1466 egregins
758 1394 856 1450 Duces
870 1394 945 1452 inan·

82 1489 220 1546 ‘lescerc¹
242 1488 418 1546 discordiam
452 1491 507 1557 his,
527 1491 686 1564 ignaviam,
720 1492 878 1548 luxuriem:
915 1495 946 1550 et

81 1587 218 1644 ‘suismet
234 1587 314 1644 vitiis
324 1591 445 1644 atterum
460 1591 546 1656 hetin,
567 1592 689 1646 aiterum
704 1587 828 1646 victoria
842 1589 946 1662 peritu-
1034 1625 1035 1660 ,

80 1685 177 1744 ‘ram'
218 1685 311 1759 igitur
323 1703 402 1744 arma
418 1687 450 1745 in
468 1687 653 1744 occasionem
666 1688 813 1752 distulere,
834 1687 946 1758 Vespa·

80 1783 176 1842 aianus
193 1784 404 1859 Mucianusque
427 1801 527 1858 nuper,
551 1785 641 1842 ceteri
666 1785 736 1842 otim
758 1783 861 1844 mixtis
877 1802 945 1844 ccu-
980 1855 982 1860 ,

79 1881 168 1940 uitiis:
203 1882 330 1956 optimus
358 1883 477 1958 quisque
491 1901 588 1942 amore
610 1884 818 1958 Reipublicae:
840 1888 944 1944 muttns

78 1982 202 2040 dulcedo
223 1983 392 2054 praedarum
413 1983 597 2059 stimulatam
625 1983 697 2040 alins
720 1985 872 2058 ambiguae
895 1986 944 2042 dc·

79 2081 115 2138 mi
134 2099 190 2138 res.
242 2083 288 2138 lte
310 2083 378 2139 boni
401 2084 526 2156 malique
553 2083 663 2141 caussis
688 2084 819 2154 diversis,
848 2083 945 2142 studio

81 2181 150 2251 puri,
180 2181 288 2254 betium
317 2197 418 2238 omues
437 2182 602 2254 cupiebant.
645 2183 706 2238 Sub
729 2182 807 2238 idem
832 2188 976 2254 tempusa

81 2278 196 2334 Achaia
211 2285 296 2352 atque
320 2277 395 2334 Asia
419 2279 491 2336 saiso
515 2280 681 2346 exterritae,
701 2281 783 2335 vetut
805 2280 884 2335 Nero
898 2281 945 2336 ad·

79 2382 231 2432 restaret:
268 2376 349 2432 varin
382 2395 467 2450 super
499 2378 579 2434 snitu
607 2377 669 2433 eius
700 2393 820 2444 rumore,
854 2393 945 2450 eoque

77 2475 211 2547 niuribus
223 2474 325 2531 vivere
337 2493 402 2532 enm
413 2477 586 2548 fingentibus
598 2475 848 2547 credentibusque.
891 2476 945 2534 Ce·
1034 2507 1035 2522 2

77 2579 203 2631 terarum
223 2589 307 2629 casus
330 2580 507 2648 conataeque
535 2574 729 2630 incontextas
749 2571 844 2644 operis
868 2571 945 2631 dice·

78 2747 144 2818 Rasin
158 2747 253 2818 imperii
267 2749 354 2818 decessu
370 2763 415 2819 cap:
434 2749 454 2796 Ι.
486 2749 605 2818 ξἿὶεςετε.
616 2745 713 2817 imperia
727 2747 840 2851 quainffl
851 2752 874 2793 et
888 2747 945 2819 bene

77 2812 219 2852 memmenni
230 2813 252 2852 et
263 2812 387 2864 sciverunt,
406 2823 427 2854 ru
438 2808 537 2854 omnibus
548 2807 606 2852 Betir
621 2807 704 2852 artibus
714 2807 742 2851 ad
753 2822 758 2850 ι
770 2807 803 2853 lcs
812 2807 874 2852 nulla
884 2818 946 2854 uano

76 2865 945 2970 wid{ddiidttdaidsi'adiiiid³‘¹¹ui⁶,{idd¹3;⁰

74 2939 334 3043 gumdiiioremque,·gt
358 2941 504 3044 imqe'nsaffum
529 2997 626 3042 parcam,
652 2939 798 3037 euisiiriiabst,
819 2957 944 3028 restitutam

77 3055 106 3087 vc
115 3041 154 3086 uit„
189 3042 214 3086 In
224 3041 292 3096 belin,
303 3041 393 3088 (talliae
403 3041 548 3088 cnmrnotibus
560 3047 620 3096 orto,
631 3046 654 3086 et
663 3042 729 3100 quod,
746 3047 811 3099 gente
821 3041 911 3087 subacta
921 3046 945 3086 et

75 3100 116 3147 sub
131 3099 209 3157 ‚iugum
229 3100 302 3154 nrissa,
320 3113 391 3204 niffen
409 3101 546 3170 restinctum,
566 3114 633 3160 saepe
652 3099 741 3145 nomina
761 3095 944 3184 itomanaliinili

78 3171 167 3219 praesa
178 3157 287 3211 serebant,
304 3163 327 3202 et
357 3173 370 3202 e
386 3159 490 3217 Lafirone,
506 3159 535 3204 de
549 3159 656 3216 Cohorte,
671 3159 700 3204 de
710 3157 792 3218 Aquila
802 3159 944 3216 exauditum,

78 3217 116 3262 sed
128 3217 184 3262 haec
194 3217 292 3263 ostentui
303 3221 396 3262 tantum.

108 3275 147 3322 De
157 3275 264 3322 Exercitu
274 3275 377 3320 Romano
385 3271 426 3321 sub
435 3275 536 3331 Tiberin,
547 3275 599 3322 vide
609 3275 690 3324 Annei,
704 3273 744 3320 lV.
755 3278 777 3319 5.

109 3353 356 3412 Amsigsuemmiru]
373 3354 394 3400 h.
406 3367 426 3398 e.
444 3368 482 3399 aes
496 3353 600 3400 alienum.
616 3355 669 3398 fides
684 3349 783 3404 decocta,
798 3348 946 3394 conscientiae

79 3412 209 3459 facinorum.
242 3411 294 3458 Vid.
308 3413 325 3470 i,
336 3413 371 3460 88.
387 3425 454 3474 saepe
471 3411 527 3486 istae
542 3426 632 3458 caussae
650 3410 760 3456 bellorum
774 3405 946 3452 Tacitomemn-

81 3477 165 3520 tantm.
197 3469 259 3520 Ern.
