2158 3820
105 191 155 262 56·
453 209 637 258 sanarum
824 213 854 260 a.
871 211 901 260 u.
918 213 975 262 arr.

104 366 236 434 aausllio,
255 366 307 423 sed
335 364 366 423 ri
387 381 422 422 aa
444 366 530 422 minis
555 366 647 421 alares
669 363 818 432 exterruit,
840 367 975 436 legiona-

103 467 161 524 rios
194 465 323 531 obtrivit,
356 481 415 522 uno
449 469 559 520 tantum
589 463 776 527 Centuriaae,
811 463 973 537 Tarquitio
1006 525 1008 532 ,
1070 479 1071 518 3

104 564 273 629 Orasoeute,
286 563 393 629 turrim,
408 563 438 618 ia
453 579 508 636 qua
534 562 694 633 praesidum
719 561 855 633 agitabat,
869 563 973 618 delen·
1070 621 1071 624 ,

103 661 172 721 dere
186 679 263 732 ausa
287 662 363 718 laota
377 661 490 733 saepius
511 660 671 732 eruptione,
685 666 714 714 et
728 661 830 722 caesis,
844 661 892 732 qui
908 662 974 717 bar·
1070 641 1071 652 ἵ

103 763 234 820 hamram
248 760 361 834 propius
374 760 639 832 suggrediebaatur,
652 760 746 814 (lanea
760 757 869 832 ignium
888 758 972 816 iaetu

104 859 372 919 oiraumvenirstur‘.
395 855 522 932 peditum
537 858 561 914 sl
581 857 644 931 quis
666 858 787 932 integer,
811 857 973 931 longinqua

104 963 135 1016 et
162 957 248 1014 avia:
282 958 436 1023 vulnerati,
462 963 559 1012 castra
586 956 771 1027 repetivere:
805 955 969 1014 ‘virtrrtem

105 1055 223 1129 ‘Regia
245 1055 398 1112 saevitiam
413 1061 442 1111 et
464 1055 563 1126 copiam
587 1044 734 1127 gentium*
760 1060 867 1111 anneta
888 1059 971 1111 metu

105 1155 290 1218 extollentes,
304 1153 383 1210 laaili
396 1153 579 1210 eredulitate
592 1169 698 1222 eorum,
724 1153 771 1226 qui
783 1153 895 1209 ‘eadem
920 1167 973 1224 pa·

105 1254 221 1310 vehant.
266 1253 311 1308 Ne
326 1253 396 1309 Dux
411 1252 527 1326 quidem
541 1252 634 1308 obniti
655 1251 794 1316 adversis,
807 1253 857 1307 sed
880 1267 972 1309 auno·

105 1356 136 1409 la
149 1350 271 1408 militiae
284 1351 382 1408 munia
405 1351 580 1416 deseruerat,
599 1349 695 1407 missis
719 1335 823 1406 iterum
847 1351 883 1406 ad
898 1349 973 1406 (ior-

52 1477 56 1484 ·
105 1451 241 1508 balonem
264 1449 405 1522 precibus,
419 1455 428 1482 ‘
440 1449 554 1506 veniret
575 1447 703 1522 propere,
723 1449 805 1525 signa
832 1454 863 1504 et
877 1447 973 1522 'aqui-

106 1555 168 1610 ‘lss
188 1558 217 1610 et
231 1570 336 1611 nomen
361 1552 500 1626 reliquum
519 1552 645 1609 inleliais
665 1552 811 1609 exereitus
825 1557 971 1609 tueretur:

105 1656 154 1709 ‘se
169 1652 254 1708 tidem
270 1651 394 1717 interim,
406 1653 502 1708 danea
516 1653 578 1708 vita
601 1651 774 1724 suppeditet,
789 1649 974 1711 retenturos!

48 1753 96 1813 '12
107 1751 162 1808 llle
176 1750 330 1812 interritus,
344 1756 375 1805 et
394 1755 474 1822 parte
488 1749 636 1822 aopiaram
650 1751 726 1823 apud
748 1751 864 1824 Syriam
886 1751 986 1807 relic-¹

106 1852 146 1914 ta,
176 1853 207 1903 ut
242 1849 419 1903 munimenta
440 1847 581 1920 Euphrati
607 1847 733 1920 inposita
761 1849 973 1920 retinerentur3

104 1961 161 2021 qua
186 1946 346 2016 proximum
360 1951 390 2002 et
410 1947 618 2004 commeatibus
642 1965 699 2004 non
722 1963 853 2022 egenum,
877 1947 974 2021 regio-

106 2043 424 2118 uemtlaarmagenam,
447 2046 516 2102 exin
539 2046 765 2119 Cappadociam,
786 2046 854 2102 inde
867 2049 974 2104 Arme·

106 2141 172 2210 nias
186 2141 300 2214 petivit.
342 2142 562 2200 comitabantur
585 2145 755 2211 exercitum,
777 2151 889 2216 praeter
909 2144 973 2202 alia

107 2246 190 2299 saera
204 2243 288 2306 bello,
309 2257 413 2312 magna
437 2241 480 2297 vis
493 2245 678 2308 camelorum,
697 2247 801 2300 onusta
824 2241 974 2312 trementi,

108 2345 141 2398 at
163 2339 246 2397 simul
271 2341 382 2396 bostem
406 2340 566 2414 lamemque
592 2343 759 2414 depelleret.
800 2341 928 2398 Primum
952 2361 972 2400 e
1042 2409 1047 2422 ι

108 2439 246 2511 perculsis
275 2439 416 2503 Paetiam,
445 2439 580 2511 primipill
605 2441 822 2505 Centuriam,
848 2442 972 2498 obvium

108 2537 218 2602 babuit,
244 2536 312 2593 dein
341 2539 489 2610 plerosque
513 2537 653 2594 militum:
674 2555 753 2612 quos,
773 2539 902 2596 diversas
928 2541 992 2598 tu«

107 2651 162 2710 gae
175 2651 292 2690 caussas
305 2636 506 2701 obtendentes,
521 2635 632 2692 ‘redire
646 2637 682 2693 ad
700 2637 784 2710 signa
797 2643 828 2694 et
841 2641 980 2694 clemen·

107 2732 198 2788 ‘liam
226 2730 309 2787 Paeti
332 2730 467 2802 experiri’
490 2736 700 2800 monebat,‘se
727 2735 785 2792 alsi
810 2735 971 2794 viatoribus
1070 2787 1071 2810 ζ

107 2829 258 2886 ‘inmitem
272 2826 366 2884 esseffi
396 2829 487 2886 Simul
509 2849 574 2888 suas
598 2833 727 2906 legiones
748 2833 835 2902 adire,
851 2835 992 2905 hortari,'
1070 2871 1071 2908 p

107 2927 259 3002 ‘priorum’
290 2929 454 2994 admouere,
482 2935 605 2987 ‘novam
632 2931 761 3003 gloriam’
794 2935 970 2992 ostendere:
1070 2963 1071 3004 ᾗ

103 3031 185 3084 ‘aon
200 3027 282 3084 vidos
301 3030 351 3082 aut
371 3025 476 3098 oppida
503 3029 713 3098 Armeniorum,
727 3032 776 3087 sed
792 3035 887 3088 eastra
911 3031 993 3091 Ro-'
1070 3065 1071 3110 p

107 3131 221 3192 ‘mana
234 3123 456 3198 ‹luesque-iniis
477 3125 613 3199 legiones¹
627 3129 752 3201 pretium¹
771 3129 876 3187 laboris
897 3131 972 3203 peti.
1070 3125 1071 3202 ᾗ

107 3223 162 3280 ‘st
186 3223 305 3296 singulis
333 3221 556 3294 manipularibus
584 3227 737 3300 praecipua
760 3227 870 3284 servati
884 3229 972 3288 aivis
1070 3211 1071 3274 ἶ

108 3319 436 3393 'aaraaalmperatoria
462 3337 548 3378 manu
576 3324 764 3382 tribueretur:
797 3328 873 3400 quad
895 3327 996 3388 illud·
1070 3309 1071 3380 ἒ

109 3423 159 3473 ‘et
173 3419 420 3491 quantumdeaus,
434 3417 483 3473 ubi
506 3437 557 3492 par
579 3437 676 3479 eorum
700 3441 834 3481 numeras
858 3426 975 3498 apisae-
1070 3397 1071 3486 i

109 3519 212 3587 ‘retur,
226 3516 274 3592 qai
293 3511 457 3574 attulissent
478 3517 609 3588 salutem,
632 3525 662 3578 et
683 3521 732 3598 qai
755 3523 995 3599 aaaepis'aeatP‘·
1070 3551 1071 3576 r

416 3619 424 3644 Ι
