<?xml version="1.0" encoding="UTF-8"?>
<!DOCTYPE html PUBLIC "-//W3C//DTD XHTML 1.0 Transitional//EN"
    "http://www.w3.org/TR/xhtml1/DTD/xhtml1-transitional.dtd">
<html xmlns="http://www.w3.org/1999/xhtml" xml:lang="en" lang="en">
 <head>
  <title>
</title>
<meta http-equiv="Content-Type" content="text/html;charset=utf-8" />
  <meta name='ocr-system' content='tesseract 3.04.00' />
  <meta name='ocr-capabilities' content='ocr_page ocr_carea ocr_par ocr_line ocrx_word'/>
</head>
<body>
  <div class='ocr_page' id='page_1' title='image "./operaexrecensio02tacigoog_0031.png"; bbox 0 0 2158 3820; ppageno 0'>
   <div class='ocr_carea' id='block_1_1' title="bbox 44 208 915 286">
    <p class='ocr_par' dir='ltr' id='par_1_1' title="bbox 44 208 915 286">
     <span class='ocr_line' id='line_1_1' title="bbox 44 208 915 286; baseline 0.009 -10"><span class='ocrx_word' id='word_1_1' title='bbox 44 208 89 276; x_wconf 81' lang='lat' dir='ltr'>ta</span> <span class='ocrx_word' id='word_1_2' title='bbox 354 231 538 285; x_wconf 78' lang='lat' dir='ltr'>nnnnnrvu</span> <span class='ocrx_word' id='word_1_3' title='bbox 762 239 791 285; x_wconf 79' lang='lat' dir='ltr'>r.</span> <span class='ocrx_word' id='word_1_4' title='bbox 808 237 838 285; x_wconf 91' lang='lat' dir='ltr'>v.</span> <span class='ocrx_word' id='word_1_5' title='bbox 855 239 915 286; x_wconf 72' lang='lat' dir='ltr'>arr.</span> 
     </span>
    </p>
   </div>
   <div class='ocr_carea' id='block_1_2' title="bbox 31 387 910 1851">
    <p class='ocr_par' dir='ltr' id='par_1_2' title="bbox 31 387 910 1851">
     <span class='ocr_line' id='line_1_2' title="bbox 39 387 910 465; baseline 0.006 -24"><span class='ocrx_word' id='word_1_6' title='bbox 39 387 50 416; x_wconf 83' lang='lat'>‘</span> <span class='ocrx_word' id='word_1_7' title='bbox 60 387 172 443; x_wconf 84' lang='lat' dir='ltr'>theatro</span> <span class='ocrx_word' id='word_1_8' title='bbox 199 387 294 444; x_wconf 88' lang='lat' dir='ltr'>locata</span> <span class='ocrx_word' id='word_1_9' title='bbox 322 388 359 446; x_wconf 83' lang='lat' dir='ltr'>ait</span> <span class='ocrx_word' id='word_1_10' title='bbox 383 389 487 462; x_wconf 85' lang='lat' dir='ltr'>potina,</span> <span class='ocrx_word' id='word_1_11' title='bbox 514 405 600 465; x_wconf 86' lang='lat' dir='ltr'>qnam</span> <span class='ocrx_word' id='word_1_12' title='bbox 626 387 761 448; x_wconf 72' lang='lat' dir='ltr'>inmenso</span> <span class='ocrx_word' id='word_1_13' title='bbox 787 393 910 463; x_wconf 83' lang='lat' dir='ltr'>anmptu</span> 
     </span>
     <span class='ocr_line' id='line_1_3' title="bbox 39 485 907 563; baseline 0.006 -22"><span class='ocrx_word' id='word_1_14' title='bbox 39 485 185 559; x_wconf 77' lang='lat' dir='ltr'>‘singulos</span> <span class='ocrx_word' id='word_1_15' title='bbox 207 505 257 560; x_wconf 92' lang='lat' dir='ltr'>per</span> <span class='ocrx_word' id='word_1_16' title='bbox 270 504 361 545; x_wconf 76' lang='lat' dir='ltr'>annor</span> <span class='ocrx_word' id='word_1_17' title='bbox 385 496 571 563; x_wconf 71' lang='lat' dir='ltr'>coniungeret</span> <span class='ocrx_word' id='word_1_18' title='bbox 581 506 616 550; x_wconf 86' lang='lat' dir='ltr'>ac</span> <span class='ocrx_word' id='word_1_19' title='bbox 629 495 793 546; x_wconf 74' lang='lat' dir='ltr'>strueretur.</span> <span class='ocrx_word' id='word_1_20' title='bbox 834 489 907 546; x_wconf 84' lang='lat' dir='ltr'>Nec</span> 
     </span>
     <span class='ocr_line' id='line_1_4' title="bbox 38 585 907 658; baseline 0.002 -16"><span class='ocrx_word' id='word_1_21' title='bbox 38 585 176 658; x_wconf 80' lang='lat' dir='ltr'>‘perinde</span> <span class='ocrx_word' id='word_1_22' title='bbox 205 587 390 658; x_wconf 72' lang='lat' dir='ltr'>Magistratus</span> <span class='ocrx_word' id='word_1_23' title='bbox 423 605 482 646; x_wconf 89' lang='lat' dir='ltr'>rem</span> <span class='ocrx_word' id='word_1_24' title='bbox 509 588 679 646; x_wconf 76' lang='lat' dir='ltr'>familiarem</span> <span class='ocrx_word' id='word_1_25' title='bbox 701 588 907 654; x_wconf 70' lang='lat' dir='ltr'>exhausturos,</span> 
     </span>
     <span class='ocr_line' id='line_1_5' title="bbox 39 685 907 760; baseline 0.002 -20"><span class='ocrx_word' id='word_1_26' title='bbox 39 689 108 742; x_wconf 88' lang='lat' dir='ltr'>‘aut</span> <span class='ocrx_word' id='word_1_27' title='bbox 123 688 228 757; x_wconf 91' lang='lat' dir='ltr'>populo</span> <span class='ocrx_word' id='word_1_28' title='bbox 247 687 425 760; x_wconf 81' lang='lat' dir='ltr'>efflagitandi</span> <span class='ocrx_word' id='word_1_29' title='bbox 449 688 564 745; x_wconf 79' lang='lat' dir='ltr'>Graeca</span> <span class='ocrx_word' id='word_1_30' title='bbox 586 687 746 744; x_wconf 86' lang='lat' dir='ltr'>certamina</span> <span class='ocrx_word' id='word_1_31' title='bbox 760 705 778 742; x_wconf 85' lang='lat' dir='ltr'>a</span> <span class='ocrx_word' id='word_1_32' title='bbox 792 685 907 760; x_wconf 72' lang='lat' dir='ltr'>Magir-</span> 
     </span>
     <span class='ocr_line' id='line_1_6' title="bbox 38 783 905 860; baseline 0.005 -19"><span class='ocrx_word' id='word_1_33' title='bbox 38 783 178 841; x_wconf 80' lang='lat' dir='ltr'>‘lratibne</span> <span class='ocrx_word' id='word_1_34' title='bbox 192 801 324 842; x_wconf 77' lang='lat' dir='ltr'>canaram</span> <span class='ocrx_word' id='word_1_35' title='bbox 351 787 420 852; x_wconf 88' lang='lat' dir='ltr'>lore,</span> <span class='ocrx_word' id='word_1_36' title='bbox 440 804 506 844; x_wconf 90' lang='lat' dir='ltr'>cnm</span> <span class='ocrx_word' id='word_1_37' title='bbox 527 804 563 844; x_wconf 90' lang='lat' dir='ltr'>eo</span> <span class='ocrx_word' id='word_1_38' title='bbox 584 792 697 859; x_wconf 86' lang='lat' dir='ltr'>enmptn</span> <span class='ocrx_word' id='word_1_39' title='bbox 727 787 814 860; x_wconf 83' lang='lat' dir='ltr'>lteap.</span> <span class='ocrx_word' id='word_1_40' title='bbox 836 786 905 845; x_wconf 67' lang='lat' dir='ltr'>turn</span> 
     </span>
     <span class='ocr_line' id='line_1_7' title="bbox 39 885 901 957; baseline 0.005 -18"><span class='ocrx_word' id='word_1_41' title='bbox 39 888 148 957; x_wconf 70' lang='grc' dir='ltr'>ιςιιιιιι.</span> <span class='ocrx_word' id='word_1_42' title='bbox 170 891 314 942; x_wconf 89' lang='lat' dir='ltr'>oratorum</span> <span class='ocrx_word' id='word_1_43' title='bbox 335 903 370 943; x_wconf 90' lang='lat' dir='ltr'>ac</span> <span class='ocrx_word' id='word_1_44' title='bbox 394 892 492 942; x_wconf 86' lang='lat' dir='ltr'>vntum</span> <span class='ocrx_word' id='word_1_45' title='bbox 515 885 653 943; x_wconf 81' lang='lat' dir='ltr'>victoriae</span> <span class='ocrx_word' id='word_1_46' title='bbox 675 885 901 943; x_wconf 88' lang='lat' dir='ltr'>incitamentum</span> 
     </span>
     <span class='ocr_line' id='line_1_8' title="bbox 37 982 901 1057; baseline 0.001 -19"><span class='ocrx_word' id='word_1_47' title='bbox 37 982 182 1056; x_wconf 74' lang='lat' dir='ltr'>‘ingeniis</span> <span class='ocrx_word' id='word_1_48' title='bbox 195 985 355 1040; x_wconf 84' lang='lat' dir='ltr'>adlaturae:</span> <span class='ocrx_word' id='word_1_49' title='bbox 376 1001 432 1042; x_wconf 89' lang='lat' dir='ltr'>nec</span> <span class='ocrx_word' id='word_1_50' title='bbox 446 985 579 1056; x_wconf 78' lang='lat' dir='ltr'>cuiquam</span> <span class='ocrx_word' id='word_1_51' title='bbox 592 984 682 1052; x_wconf 77' lang='lat' dir='ltr'>iudici</span> <span class='ocrx_word' id='word_1_52' title='bbox 701 1001 799 1057; x_wconf 77' lang='lat' dir='ltr'>grave,</span> <span class='ocrx_word' id='word_1_53' title='bbox 813 999 901 1040; x_wconf 77' lang='lat' dir='ltr'>auree</span> 
     </span>
     <span class='ocr_line' id='line_1_9' title="bbox 37 1081 901 1156; baseline 0.001 -19"><span class='ocrx_word' id='word_1_54' title='bbox 37 1081 157 1138; x_wconf 80' lang='lat' dir='ltr'>‘etudiie</span> <span class='ocrx_word' id='word_1_55' title='bbox 183 1082 311 1139; x_wconf 79' lang='lat' dir='ltr'>bonestia</span> <span class='ocrx_word' id='word_1_56' title='bbox 325 1089 354 1139; x_wconf 90' lang='lat' dir='ltr'>et</span> <span class='ocrx_word' id='word_1_57' title='bbox 370 1082 565 1156; x_wconf 76' lang='lat' dir='ltr'>voluptatibus</span> <span class='ocrx_word' id='word_1_58' title='bbox 585 1082 733 1142; x_wconf 81' lang='lat' dir='ltr'>conceaaia</span> <span class='ocrx_word' id='word_1_59' title='bbox 748 1081 901 1154; x_wconf 83' lang='lat' dir='ltr'>inpertire.</span> 
     </span>
     <span class='ocr_line' id='line_1_10' title="bbox 36 1178 899 1256; baseline 0 -20"><span class='ocrx_word' id='word_1_60' title='bbox 36 1179 185 1238; x_wconf 87' lang='lat' dir='ltr'>‘laetitiae</span> <span class='ocrx_word' id='word_1_61' title='bbox 206 1181 298 1254; x_wconf 82' lang='lat' dir='ltr'>magia</span> <span class='ocrx_word' id='word_1_62' title='bbox 325 1199 409 1256; x_wconf 90' lang='lat' dir='ltr'>quam</span> <span class='ocrx_word' id='word_1_63' title='bbox 434 1182 575 1239; x_wconf 79' lang='lat' dir='ltr'>lasciviae</span> <span class='ocrx_word' id='word_1_64' title='bbox 595 1182 658 1239; x_wconf 88' lang='lat' dir='ltr'>dari</span> <span class='ocrx_word' id='word_1_65' title='bbox 678 1197 784 1254; x_wconf 84' lang='lat' dir='ltr'>paucae</span> <span class='ocrx_word' id='word_1_66' title='bbox 808 1178 899 1236; x_wconf 75' lang='lat' dir='ltr'>totius</span> 
     </span>
     <span class='ocr_line' id='line_1_11' title="bbox 35 1277 899 1356; baseline 0.002 -23"><span class='ocrx_word' id='word_1_67' title='bbox 35 1283 43 1310; x_wconf 83' lang='lat'>‘</span> <span class='ocrx_word' id='word_1_68' title='bbox 57 1277 245 1352; x_wconf 89' lang='lat' dir='ltr'>quinquennii</span> <span class='ocrx_word' id='word_1_69' title='bbox 262 1291 370 1346; x_wconf 77' lang='lat' dir='ltr'>noctes,</span> <span class='ocrx_word' id='word_1_70' title='bbox 382 1281 492 1356; x_wconf 80' lang='lat' dir='ltr'>quibua,</span> <span class='ocrx_word' id='word_1_71' title='bbox 515 1285 595 1338; x_wconf 86' lang='lat' dir='ltr'>tanta</span> <span class='ocrx_word' id='word_1_72' title='bbox 606 1282 672 1337; x_wconf 89' lang='lat' dir='ltr'>luce</span> <span class='ocrx_word' id='word_1_73' title='bbox 686 1279 806 1353; x_wconf 83' lang='lat' dir='ltr'>ignium,</span> <span class='ocrx_word' id='word_1_74' title='bbox 822 1279 899 1336; x_wconf 91' lang='lat' dir='ltr'>nibil</span> 
     </span>
     <span class='ocr_line' id='line_1_12' title="bbox 35 1377 899 1455; baseline 0.002 -23"><span class='ocrx_word' id='word_1_75' title='bbox 35 1377 197 1435; x_wconf 84' lang='lat' dir='ltr'>‘inlinitum</span> <span class='ocrx_word' id='word_1_76' title='bbox 218 1381 358 1438; x_wconf 86' lang='lat' dir='ltr'>occultari</span> <span class='ocrx_word' id='word_1_77' title='bbox 372 1378 478 1455; x_wconf 85' lang='lat' dir='ltr'>queat.&#39;</span> <span class='ocrx_word' id='word_1_78' title='bbox 532 1382 610 1438; x_wconf 85' lang='lat' dir='ltr'>Sane</span> <span class='ocrx_word' id='word_1_79' title='bbox 625 1381 704 1436; x_wconf 91' lang='lat' dir='ltr'>nullo</span> <span class='ocrx_word' id='word_1_80' title='bbox 718 1377 826 1452; x_wconf 76' lang='lat' dir='ltr'>insigni</span> <span class='ocrx_word' id='word_1_81' title='bbox 845 1378 899 1434; x_wconf 81' lang='lat' dir='ltr'>‹le-</span> 
     </span>
     <span class='ocr_line' id='line_1_13' title="bbox 33 1476 898 1554; baseline 0 -22"><span class='ocrx_word' id='word_1_82' title='bbox 33 1476 256 1536; x_wconf 86' lang='lat' dir='ltr'>boneatamento</span> <span class='ocrx_word' id='word_1_83' title='bbox 275 1480 305 1536; x_wconf 89' lang='lat' dir='ltr'>id</span> <span class='ocrx_word' id='word_1_84' title='bbox 333 1477 530 1554; x_wconf 76' lang='lat' dir='ltr'>spectaculum</span> <span class='ocrx_word' id='word_1_85' title='bbox 558 1479 679 1536; x_wconf 78' lang='lat' dir='ltr'>transiit.</span> <span class='ocrx_word' id='word_1_86' title='bbox 723 1481 770 1535; x_wconf 87' lang='lat' dir='ltr'>Ac</span> <span class='ocrx_word' id='word_1_87' title='bbox 785 1495 821 1533; x_wconf 89' lang='lat' dir='ltr'>ne</span> <span class='ocrx_word' id='word_1_88' title='bbox 836 1493 898 1533; x_wconf 91' lang='lat' dir='ltr'>mo·</span> 
     </span>
     <span class='ocr_line' id='line_1_14' title="bbox 32 1575 896 1652; baseline 0 -20"><span class='ocrx_word' id='word_1_89' title='bbox 32 1575 98 1633; x_wconf 86' lang='lat' dir='ltr'>dica</span> <span class='ocrx_word' id='word_1_90' title='bbox 107 1578 223 1652; x_wconf 87' lang='lat' dir='ltr'>quidem</span> <span class='ocrx_word' id='word_1_91' title='bbox 232 1579 326 1636; x_wconf 82' lang='lat' dir='ltr'>eludia</span> <span class='ocrx_word' id='word_1_92' title='bbox 338 1579 430 1652; x_wconf 84' lang='lat' dir='ltr'>plebia</span> <span class='ocrx_word' id='word_1_93' title='bbox 441 1595 586 1644; x_wconf 74' lang='lat' dir='ltr'>enarrare,</span> <span class='ocrx_word' id='word_1_94' title='bbox 600 1578 666 1652; x_wconf 92' lang='lat' dir='ltr'>qnia</span> <span class='ocrx_word' id='word_1_95' title='bbox 676 1577 781 1634; x_wconf 84' lang='lat' dir='ltr'>redditi</span> <span class='ocrx_word' id='word_1_96' title='bbox 796 1591 896 1650; x_wconf 87' lang='lat' dir='ltr'>quam·</span> 
     </span>
     <span class='ocr_line' id='line_1_15' title="bbox 32 1675 897 1748; baseline 0.001 -18"><span class='ocrx_word' id='word_1_97' title='bbox 32 1693 117 1748; x_wconf 87' lang='lat' dir='ltr'>quam</span> <span class='ocrx_word' id='word_1_98' title='bbox 139 1693 256 1744; x_wconf 81' lang='lat' dir='ltr'>scenae,</span> <span class='ocrx_word' id='word_1_99' title='bbox 281 1677 458 1735; x_wconf 84' lang='lat' dir='ltr'>Pantomimi</span> <span class='ocrx_word' id='word_1_100' title='bbox 484 1678 691 1735; x_wconf 83' lang='lat' dir='ltr'>certaminibnr</span> <span class='ocrx_word' id='word_1_101' title='bbox 718 1675 808 1733; x_wconf 85' lang='lat' dir='ltr'>aacria</span> <span class='ocrx_word' id='word_1_102' title='bbox 830 1690 897 1748; x_wconf 85' lang='lat' dir='ltr'>prn-</span> 
     </span>
     <span class='ocr_line' id='line_1_16' title="bbox 31 1773 895 1851; baseline 0 -22"><span class='ocrx_word' id='word_1_103' title='bbox 31 1773 214 1832; x_wconf 86' lang='lat' dir='ltr'>bibebantnr.</span> <span class='ocrx_word' id='word_1_104' title='bbox 268 1777 461 1851; x_wconf 86' lang='lat' dir='ltr'>Eloquentiae</span> <span class='ocrx_word' id='word_1_105' title='bbox 483 1777 590 1849; x_wconf 81' lang='lat' dir='ltr'>primae</span> <span class='ocrx_word' id='word_1_106' title='bbox 614 1792 700 1832; x_wconf 85' lang='lat' dir='ltr'>nemo</span> <span class='ocrx_word' id='word_1_107' title='bbox 724 1774 799 1836; x_wconf 88' lang='lat' dir='ltr'>tulit,</span> <span class='ocrx_word' id='word_1_108' title='bbox 831 1773 895 1841; x_wconf 82' lang='lat' dir='ltr'>red,</span> 
     </span>
    </p>
   </div>
   <div class='ocr_carea' id='block_1_3' title="bbox 32 1869 896 1948">
    <p class='ocr_par' dir='ltr' id='par_1_3' title="bbox 32 1869 896 1948">
     <span class='ocr_line' id='line_1_17' title="bbox 32 1869 896 1948; baseline -0.002 -19"><span class='ocrx_word' id='word_1_109' title='bbox 32 1871 198 1931; x_wconf 86' lang='lat' dir='ltr'>‘victorem</span> <span class='ocrx_word' id='word_1_110' title='bbox 223 1893 287 1932; x_wconf 85' lang='lat' dir='ltr'>eaae</span> <span class='ocrx_word' id='word_1_111' title='bbox 321 1873 496 1941; x_wconf 69' lang='lat' dir='ltr'>Caesarem:</span> <span class='ocrx_word' id='word_1_112' title='bbox 517 1875 742 1948; x_wconf 87' lang='lat' dir='ltr'>pronuntiatum.</span> <span class='ocrx_word' id='word_1_113' title='bbox 784 1869 896 1928; x_wconf 85' lang='lat' dir='ltr'>Graeci</span> 
     </span>
    </p>
   </div>
   <div class='ocr_carea' id='block_1_4' title="bbox 23 1971 907 3138">
    <p class='ocr_par' dir='ltr' id='par_1_4' title="bbox 23 1971 907 3138">
     <span class='ocr_line' id='line_1_18' title="bbox 30 1971 893 2050; baseline 0 -22"><span class='ocrx_word' id='word_1_114' title='bbox 30 1971 161 2042; x_wconf 84' lang='lat' dir='ltr'>amictae,</span> <span class='ocrx_word' id='word_1_115' title='bbox 181 1973 245 2047; x_wconf 79' lang='lat' dir='ltr'>quie</span> <span class='ocrx_word' id='word_1_116' title='bbox 270 1991 321 2047; x_wconf 90' lang='lat' dir='ltr'>per</span> <span class='ocrx_word' id='word_1_117' title='bbox 334 1992 383 2031; x_wconf 85' lang='lat' dir='ltr'>eoe</span> <span class='ocrx_word' id='word_1_118' title='bbox 397 1975 460 2032; x_wconf 84' lang='lat' dir='ltr'>diea</span> <span class='ocrx_word' id='word_1_119' title='bbox 486 1974 614 2050; x_wconf 82' lang='lat' dir='ltr'>plerique</span> <span class='ocrx_word' id='word_1_120' title='bbox 627 1974 814 2036; x_wconf 86' lang='lat' dir='ltr'>inceaaerant,</span> <span class='ocrx_word' id='word_1_121' title='bbox 829 1976 893 2028; x_wconf 84' lang='lat' dir='ltr'>tuna</span> 
     </span>
     <span class='ocr_line' id='line_1_19' title="bbox 30 2067 890 2148; baseline -0.003 -21"><span class='ocrx_word' id='word_1_122' title='bbox 30 2073 230 2130; x_wconf 82' lang='lat' dir='ltr'>exoleverunt.</span> <span class='ocrx_word' id='word_1_123' title='bbox 273 2075 440 2148; x_wconf 89' lang='lat' dir='ltr'>lnterquae</span> <span class='ocrx_word' id='word_1_124' title='bbox 466 2080 495 2130; x_wconf 93' lang='lat' dir='ltr'>et</span> <span class='ocrx_word' id='word_1_125' title='bbox 509 2073 587 2130; x_wconf 81' lang='lat' dir='ltr'>sidua</span> <span class='ocrx_word' id='word_1_126' title='bbox 609 2079 738 2129; x_wconf 78' lang='lat' dir='ltr'>cometen</span> <span class='ocrx_word' id='word_1_127' title='bbox 764 2067 890 2126; x_wconf 72' lang='lat' dir='ltr'>efful&#39;eitr</span> 
     </span>
     <span class='ocr_line' id='line_1_20' title="bbox 28 2169 891 2247; baseline -0.003 -21"><span class='ocrx_word' id='word_1_128' title='bbox 28 2171 135 2245; x_wconf 89' lang='lat' dir='ltr'>dequo</span> <span class='ocrx_word' id='word_1_129' title='bbox 149 2171 229 2245; x_wconf 81' lang='lat' dir='ltr'>vulgi</span> <span class='ocrx_word' id='word_1_130' title='bbox 252 2172 352 2244; x_wconf 85' lang='lat' dir='ltr'>opinio</span> <span class='ocrx_word' id='word_1_131' title='bbox 375 2179 428 2238; x_wconf 83' lang='lat' dir='ltr'>eet,</span> <span class='ocrx_word' id='word_1_132' title='bbox 442 2178 587 2247; x_wconf 84' lang='lat' dir='ltr'>tamquam</span> <span class='ocrx_word' id='word_1_133' title='bbox 606 2169 792 2228; x_wconf 83' lang='lat' dir='ltr'>mutationem</span> <span class='ocrx_word' id='word_1_134' title='bbox 813 2169 891 2242; x_wconf 78' lang='lat' dir='ltr'>Reg-</span> 
     </span>
     <span class='ocr_line' id='line_1_21' title="bbox 28 2270 890 2346; baseline -0.006 -18"><span class='ocrx_word' id='word_1_135' title='bbox 28 2271 74 2328; x_wconf 84' lang='lat' dir='ltr'>nie</span> <span class='ocrx_word' id='word_1_136' title='bbox 96 2271 258 2343; x_wconf 86' lang='lat' dir='ltr'>portendat.</span> <span class='ocrx_word' id='word_1_137' title='bbox 300 2272 398 2344; x_wconf 83' lang='lat' dir='ltr'>Igitur,</span> <span class='ocrx_word' id='word_1_138' title='bbox 423 2273 503 2346; x_wconf 79' lang='lat' dir='ltr'>quari</span> <span class='ocrx_word' id='word_1_139' title='bbox 530 2273 589 2328; x_wconf 90' lang='lat' dir='ltr'>iarn</span> <span class='ocrx_word' id='word_1_140' title='bbox 612 2272 734 2342; x_wconf 74' lang='lat' dir='ltr'>depulso</span> <span class='ocrx_word' id='word_1_141' title='bbox 761 2270 890 2335; x_wconf 86' lang='lat' dir='ltr'>Nerone,</span> 
     </span>
     <span class='ocr_line' id='line_1_22' title="bbox 27 2367 890 2446; baseline -0.005 -18"><span class='ocrx_word' id='word_1_142' title='bbox 27 2372 158 2446; x_wconf 84' lang='lat' dir='ltr'>quianam</span> <span class='ocrx_word' id='word_1_143' title='bbox 183 2370 366 2444; x_wconf 85' lang='lat' dir='ltr'>deligeretur,</span> <span class='ocrx_word' id='word_1_144' title='bbox 397 2371 593 2445; x_wconf 81' lang='lat' dir='ltr'>acquirebant.</span> <span class='ocrx_word' id='word_1_145' title='bbox 625 2375 655 2426; x_wconf 88' lang='lat' dir='ltr'>et</span> <span class='ocrx_word' id='word_1_146' title='bbox 686 2367 815 2425; x_wconf 84' lang='lat' dir='ltr'>omnium</span> <span class='ocrx_word' id='word_1_147' title='bbox 838 2383 890 2424; x_wconf 87' lang='lat' dir='ltr'>ore</span> 
     </span>
     <span class='ocr_line' id='line_1_23' title="bbox 26 2452 907 2538; baseline -0.007 -10"><span class='ocrx_word' id='word_1_148' title='bbox 26 2452 178 2528; x_wconf 70' lang='lat' dir='ltr'>Rubellius</span> <span class='ocrx_word' id='word_1_149' title='bbox 204 2461 322 2528; x_wconf 81' lang='lat' dir='ltr'>Plautus</span> <span class='ocrx_word' id='word_1_150' title='bbox 346 2471 554 2536; x_wconf 82' lang='lat' dir='ltr'>celebrabatur,</span> <span class='ocrx_word' id='word_1_151' title='bbox 591 2467 640 2525; x_wconf 90' lang='lat' dir='ltr'>cui</span> <span class='ocrx_word' id='word_1_152' title='bbox 665 2467 907 2538; x_wconf 83' lang='lat' dir='ltr'>nobilitaa,‘per·</span> 
     </span>
     <span class='ocr_line' id='line_1_24' title="bbox 26 2567 889 2640; baseline -0.003 -13"><span class='ocrx_word' id='word_1_153' title='bbox 26 2575 155 2637; x_wconf 86' lang='lat' dir='ltr'>matrem,</span> <span class='ocrx_word' id='word_1_154' title='bbox 185 2585 223 2625; x_wconf 82' lang='lat' dir='ltr'>ex</span> <span class='ocrx_word' id='word_1_155' title='bbox 252 2568 327 2626; x_wconf 87' lang='lat' dir='ltr'>lulla</span> <span class='ocrx_word' id='word_1_156' title='bbox 355 2567 474 2624; x_wconf 88' lang='lat' dir='ltr'>lamitia.</span> <span class='ocrx_word' id='word_1_157' title='bbox 524 2568 591 2640; x_wconf 86' lang='lat' dir='ltr'>lpae</span> <span class='ocrx_word' id='word_1_158' title='bbox 616 2567 724 2639; x_wconf 85' lang='lat' dir='ltr'>placita</span> <span class='ocrx_word' id='word_1_159' title='bbox 748 2567 889 2624; x_wconf 88' lang='lat' dir='ltr'>maiorum</span> 
     </span>
     <span class='ocr_line' id='line_1_25' title="bbox 24 2665 888 2738; baseline -0.003 -13"><span class='ocrx_word' id='word_1_160' title='bbox 24 2671 149 2734; x_wconf 81' lang='lat' dir='ltr'>colebat,</span> <span class='ocrx_word' id='word_1_161' title='bbox 164 2667 263 2724; x_wconf 92' lang='lat' dir='ltr'>babitu</span> <span class='ocrx_word' id='word_1_162' title='bbox 277 2683 390 2732; x_wconf 78' lang='lat' dir='ltr'>severo,</span> <span class='ocrx_word' id='word_1_163' title='bbox 411 2671 491 2722; x_wconf 85' lang='lat' dir='ltr'>caela</span> <span class='ocrx_word' id='word_1_164' title='bbox 506 2671 535 2722; x_wconf 90' lang='lat' dir='ltr'>et</span> <span class='ocrx_word' id='word_1_165' title='bbox 556 2671 668 2721; x_wconf 76' lang='lat' dir='ltr'>recreta</span> <span class='ocrx_word' id='word_1_166' title='bbox 689 2665 785 2731; x_wconf 88' lang='lat' dir='ltr'>domn,</span> <span class='ocrx_word' id='word_1_167' title='bbox 798 2681 888 2738; x_wconf 90' lang='lat' dir='ltr'>quan-</span> 
     </span>
     <span class='ocr_line' id='line_1_26' title="bbox 25 2764 885 2842; baseline -0.003 -18"><span class='ocrx_word' id='word_1_168' title='bbox 25 2773 110 2842; x_wconf 89' lang='lat' dir='ltr'>toque</span> <span class='ocrx_word' id='word_1_169' title='bbox 145 2772 223 2824; x_wconf 90' lang='lat' dir='ltr'>metu</span> <span class='ocrx_word' id='word_1_170' title='bbox 253 2764 403 2831; x_wconf 80' lang='lat' dir='ltr'>occultior,</span> <span class='ocrx_word' id='word_1_171' title='bbox 428 2769 509 2820; x_wconf 89' lang='lat' dir='ltr'>tanto</span> <span class='ocrx_word' id='word_1_172' title='bbox 536 2767 599 2836; x_wconf 86' lang='lat' dir='ltr'>plue</span> <span class='ocrx_word' id='word_1_173' title='bbox 623 2764 716 2820; x_wconf 84' lang='lat' dir='ltr'>lamae</span> <span class='ocrx_word' id='word_1_174' title='bbox 753 2765 885 2835; x_wconf 74' lang='lat' dir='ltr'>adeptus.</span> 
     </span>
     <span class='ocr_line' id='line_1_27' title="bbox 25 2861 888 2936; baseline -0.007 -12"><span class='ocrx_word' id='word_1_175' title='bbox 25 2867 117 2926; x_wconf 85' lang='lat' dir='ltr'>Auxit</span> <span class='ocrx_word' id='word_1_176' title='bbox 132 2881 273 2923; x_wconf 90' lang='lat' dir='ltr'>rumorem</span> <span class='ocrx_word' id='word_1_177' title='bbox 292 2863 354 2936; x_wconf 89' lang='lat' dir='ltr'>pari</span> <span class='ocrx_word' id='word_1_178' title='bbox 370 2861 499 2918; x_wconf 88' lang='lat' dir='ltr'>vanitate</span> <span class='ocrx_word' id='word_1_179' title='bbox 521 2869 584 2918; x_wconf 89' lang='lat' dir='ltr'>orta</span> <span class='ocrx_word' id='word_1_180' title='bbox 607 2863 808 2935; x_wconf 85' lang='lat' dir='ltr'>interpretatio</span> <span class='ocrx_word' id='word_1_181' title='bbox 835 2862 888 2919; x_wconf 85' lang='lat' dir='ltr'>lul·</span> 
     </span>
     <span class='ocr_line' id='line_1_28' title="bbox 23 2961 887 3041; baseline -0.005 -18"><span class='ocrx_word' id='word_1_182' title='bbox 23 2967 111 3041; x_wconf 75' lang='lat' dir='ltr'>guria.</span> <span class='ocrx_word' id='word_1_183' title='bbox 151 2965 238 3029; x_wconf 88' lang='lat' dir='ltr'>Nam,</span> <span class='ocrx_word' id='word_1_184' title='bbox 253 2963 320 3038; x_wconf 89' lang='lat' dir='ltr'>quia</span> <span class='ocrx_word' id='word_1_185' title='bbox 344 2961 552 3018; x_wconf 82' lang='lat' dir='ltr'>discumbentia</span> <span class='ocrx_word' id='word_1_186' title='bbox 580 2961 706 3018; x_wconf 80' lang='lat' dir='ltr'>Neronis</span> <span class='ocrx_word' id='word_1_187' title='bbox 721 2963 794 3034; x_wconf 86' lang='lat' dir='ltr'>apud</span> <span class='ocrx_word' id='word_1_188' title='bbox 812 2961 887 3019; x_wconf 83' lang='lat' dir='ltr'>Sim·</span> 
     </span>
     <span class='ocr_line' id='line_1_29' title="bbox 23 3059 883 3138; baseline -0.013 -12"><span class='ocrx_word' id='word_1_189' title='bbox 23 3066 124 3126; x_wconf 89' lang='lat' dir='ltr'>bruina</span> <span class='ocrx_word' id='word_1_190' title='bbox 138 3069 252 3138; x_wconf 79' lang='lat' dir='ltr'>stagna,</span> <span class='ocrx_word' id='word_1_191' title='bbox 266 3061 313 3120; x_wconf 87' lang='lat' dir='ltr'>cui</span> <span class='ocrx_word' id='word_1_192' title='bbox 322 3059 507 3137; x_wconf 81' lang='lat' dir='ltr'>Sublaqueum</span> <span class='ocrx_word' id='word_1_193' title='bbox 519 3077 624 3117; x_wconf 81' lang='lat' dir='ltr'>noman·</span> <span class='ocrx_word' id='word_1_194' title='bbox 634 3065 686 3130; x_wconf 84' lang='lat' dir='ltr'>est,</span> <span class='ocrx_word' id='word_1_195' title='bbox 696 3061 773 3117; x_wconf 90' lang='lat' dir='ltr'>ictae</span> <span class='ocrx_word' id='word_1_196' title='bbox 782 3062 883 3133; x_wconf 85' lang='lat' dir='ltr'>dapar,</span> 
     </span>
    </p>
   </div>
   <div class='ocr_carea' id='block_1_5' title="bbox 22 3233 886 3363">
    <p class='ocr_par' dir='ltr' id='par_1_5' title="bbox 22 3233 886 3363">
     <span class='ocr_line' id='line_1_30' title="bbox 51 3233 886 3296; baseline -0.008 -8"><span class='ocrx_word' id='word_1_197' title='bbox 51 3241 198 3288; x_wconf 72' lang='lat' dir='ltr'>Mutationem</span> <span class='ocrx_word' id='word_1_198' title='bbox 216 3238 292 3296; x_wconf 74' lang='lat' dir='ltr'>regnis</span> <span class='ocrx_word' id='word_1_199' title='bbox 309 3236 432 3296; x_wconf 81' lang='lat' dir='ltr'>portendat]</span> <span class='ocrx_word' id='word_1_200' title='bbox 463 3233 536 3280; x_wconf 87' lang='lat' dir='ltr'>Simili</span> <span class='ocrx_word' id='word_1_201' title='bbox 553 3233 663 3280; x_wconf 76' lang='lat' dir='ltr'>sententia</span> <span class='ocrx_word' id='word_1_202' title='bbox 677 3234 787 3282; x_wconf 80' lang='lat' dir='ltr'>Miltonua</span> <span class='ocrx_word' id='word_1_203' title='bbox 802 3236 886 3294; x_wconf 82' lang='lat' dir='ltr'>uorter,</span> 
     </span>
     <span class='ocr_line' id='line_1_31' title="bbox 22 3292 711 3363; baseline -0.017 -13"><span class='ocrx_word' id='word_1_204' title='bbox 22 3301 148 3363; x_wconf 67' lang='lat' dir='ltr'>poenisque</span> <span class='ocrx_word' id='word_1_205' title='bbox 158 3298 273 3346; x_wconf 81' lang='lat' dir='ltr'>materiam</span> <span class='ocrx_word' id='word_1_206' title='bbox 284 3296 312 3342; x_wconf 84' lang='lat' dir='ltr'>ab</span> <span class='ocrx_word' id='word_1_207' title='bbox 321 3295 381 3342; x_wconf 87' lang='lat' dir='ltr'>omni</span> <span class='ocrx_word' id='word_1_208' title='bbox 391 3293 492 3340; x_wconf 77' lang='lat' dir='ltr'>doctrina</span> <span class='ocrx_word' id='word_1_209' title='bbox 502 3305 608 3350; x_wconf 63' lang='lat' dir='ltr'>aggerare</span> <span class='ocrx_word' id='word_1_210' title='bbox 618 3292 711 3351; x_wconf 84' lang='lat' dir='ltr'>aolitur;</span> 
     </span>
    </p>
   </div>
   <div class='ocr_carea' id='block_1_6' title="bbox 138 3371 797 3500">
    <p class='ocr_par' dir='ltr' id='par_1_6' title="bbox 138 3371 797 3500">
     <span class='ocr_line' id='line_1_32' title="bbox 138 3371 797 3432; baseline 0 -14"><span class='ocrx_word' id='word_1_211' title='bbox 138 3402 370 3418; x_wconf 81' lang='grc'><em>.-..-.---</em></span> <span class='ocrx_word' id='word_1_212' title='bbox 378 3371 679 3432; x_wconf 73' lang='lat' dir='ltr'>Andrrr&#39;tlrseerosednuga</span> <span class='ocrx_word' id='word_1_213' title='bbox 793 3388 797 3392; x_wconf 94' lang='lat'>·</span> 
     </span>
     <span class='ocr_line' id='line_1_33' title="bbox 138 3435 393 3500; baseline -0.02 -11"><span class='ocrx_word' id='word_1_214' title='bbox 138 3441 258 3500; x_wconf 63' lang='lat' dir='ltr'>amnuo</span> <span class='ocrx_word' id='word_1_215' title='bbox 267 3435 393 3486; x_wconf 66' lang='lat' dir='ltr'>ueneram</span> 
     </span>
    </p>
   </div>
   <div class='ocr_carea' id='block_1_7' title="bbox 0 0 1084 3820">
    <p class='ocr_par' dir='ltr' id='par_1_7' title="bbox 0 0 1084 3820">
     <span class='ocr_line' id='line_1_34' title="bbox 0 0 1084 3820; baseline 0 5"><span class='ocrx_word' id='word_1_216' title='bbox 0 0 1084 3820; x_wconf 95' lang='lat' dir='ltr'> </span> 
     </span>
    </p>
   </div>
  </div>
 </body>
</html>
