<?xml version="1.0" encoding="UTF-8"?>
<!DOCTYPE html PUBLIC "-//W3C//DTD XHTML 1.0 Transitional//EN"
    "http://www.w3.org/TR/xhtml1/DTD/xhtml1-transitional.dtd">
<html xmlns="http://www.w3.org/1999/xhtml" xml:lang="en" lang="en">
 <head>
  <title>
</title>
<meta http-equiv="Content-Type" content="text/html;charset=utf-8" />
  <meta name='ocr-system' content='tesseract 3.04.00' />
  <meta name='ocr-capabilities' content='ocr_page ocr_carea ocr_par ocr_line ocrx_word'/>
</head>
<body>
  <div class='ocr_page' id='page_1' title='image "./operaexrecensio02tacigoog_0044.png"; bbox 0 0 2158 3820; ppageno 0'>
   <div class='ocr_carea' id='block_1_1' title="bbox 28 135 962 270">
    <p class='ocr_par' dir='ltr' id='par_1_1' title="bbox 28 135 962 270">
     <span class='ocr_line' id='line_1_1' title="bbox 28 135 962 270; baseline 0.006 -24"><span class='ocrx_word' id='word_1_1' title='bbox 28 135 30 218; x_wconf 32' lang='grc' dir='ltr'>Τ</span> <span class='ocrx_word' id='word_1_2' title='bbox 109 200 216 249; x_wconf 69' lang='lat' dir='ltr'>acan.</span> <span class='ocrx_word' id='word_1_3' title='bbox 264 233 268 240; x_wconf 91' lang='lat'><em>.</em></span> <span class='ocrx_word' id='word_1_4' title='bbox 315 201 391 248; x_wconf 80' lang='lat' dir='ltr'>nus.</span> <span class='ocrx_word' id='word_1_5' title='bbox 419 199 492 248; x_wconf 76' lang='lat' dir='ltr'>arv.</span> <span class='ocrx_word' id='word_1_6' title='bbox 541 181 802 270; x_wconf 58' lang='lat' dir='ltr'>crata-43.</span> <span class='ocrx_word' id='word_1_7' title='bbox 917 181 962 252; x_wconf 74' lang='lat' dir='ltr'>ii</span> 
     </span>
    </p>
   </div>
   <div class='ocr_carea' id='block_1_2' title="bbox 28 341 30 378">
    <p class='ocr_par' dir='ltr' id='par_1_2' title="bbox 28 341 30 378">
     <span class='ocr_line' id='line_1_2' title="bbox 28 341 30 378; baseline 0 0"><span class='ocrx_word' id='word_1_8' title='bbox 28 341 30 378; x_wconf 86' lang='lat' dir='ltr'>t</span> 
     </span>
    </p>
   </div>
   <div class='ocr_carea' id='block_1_3' title="bbox 105 355 1020 1024">
    <p class='ocr_par' dir='ltr' id='par_1_3' title="bbox 105 355 1020 1024">
     <span class='ocr_line' id='line_1_3' title="bbox 105 355 967 431; baseline 0.006 -22"><span class='ocrx_word' id='word_1_9' title='bbox 105 369 167 419; x_wconf 86' lang='lat' dir='ltr'>reus,</span> <span class='ocrx_word' id='word_1_10' title='bbox 178 373 212 410; x_wconf 93' lang='lat' dir='ltr'>ne</span> <span class='ocrx_word' id='word_1_11' title='bbox 226 355 305 428; x_wconf 88' lang='lat' dir='ltr'>apud</span> <span class='ocrx_word' id='word_1_12' title='bbox 321 355 511 412; x_wconf 78' lang='lat' dir='ltr'><strong>Praefectum</strong></span> <span class='ocrx_word' id='word_1_13' title='bbox 531 355 608 412; x_wconf 91' lang='lat' dir='ltr'>urbis</span> <span class='ocrx_word' id='word_1_14' title='bbox 621 357 816 431; x_wconf 81' lang='lat' dir='ltr'>arguerentur,</span> <span class='ocrx_word' id='word_1_15' title='bbox 829 357 866 414; x_wconf 87' lang='lat' dir='ltr'>ad</span> <span class='ocrx_word' id='word_1_16' title='bbox 881 355 967 414; x_wconf 84' lang='lat' dir='ltr'>Prac-</span> 
     </span>
     <span class='ocr_line' id='line_1_4' title="bbox 106 454 967 531; baseline 0.008 -23"><span class='ocrx_word' id='word_1_17' title='bbox 106 454 184 509; x_wconf 88' lang='lat' dir='ltr'>torem</span> <span class='ocrx_word' id='word_1_18' title='bbox 206 455 377 520; x_wconf 87' lang='lat' dir='ltr'>detulisset,</span> <span class='ocrx_word' id='word_1_19' title='bbox 402 455 529 522; x_wconf 82' lang='lat' dir='ltr'><strong>interim,</strong></span> <span class='ocrx_word' id='word_1_20' title='bbox 553 459 651 528; x_wconf 85' lang='lat' dir='ltr'>specie</span> <span class='ocrx_word' id='word_1_21' title='bbox 676 459 780 531; x_wconf 82' lang='lat' dir='ltr'>legum,</span> <span class='ocrx_word' id='word_1_22' title='bbox 804 475 871 514; x_wconf 84' lang='lat' dir='ltr'>mox</span> <span class='ocrx_word' id='word_1_23' title='bbox 886 473 967 530; x_wconf 87' lang='lat' dir='ltr'>prae·</span> 
     </span>
     <span class='ocr_line' id='line_1_5' title="bbox 106 551 968 631; baseline 0.012 -27"><span class='ocrx_word' id='word_1_24' title='bbox 106 551 261 616; x_wconf 84' lang='lat' dir='ltr'>varicando,</span> <span class='ocrx_word' id='word_1_25' title='bbox 275 553 424 610; x_wconf 82' lang='lat' dir='ltr'>ultionem</span> <span class='ocrx_word' id='word_1_26' title='bbox 438 556 574 611; x_wconf 87' lang='lat' dir='ltr'>etusurus.</span> <span class='ocrx_word' id='word_1_27' title='bbox 619 557 744 631; x_wconf 86' lang='lat' dir='ltr'>Additur</span> <span class='ocrx_word' id='word_1_28' title='bbox 759 559 884 614; x_wconf 82' lang='lat' dir='ltr'>Senatus</span> <span class='ocrx_word' id='word_1_29' title='bbox 898 573 968 614; x_wconf 88' lang='lat' dir='ltr'>con·</span> 
     </span>
     <span class='ocr_line' id='line_1_6' title="bbox 106 651 968 726; baseline 0.009 -21"><span class='ocrx_word' id='word_1_30' title='bbox 106 651 186 707; x_wconf 86' lang='lat' dir='ltr'>salto:</span> <span class='ocrx_word' id='word_1_31' title='bbox 206 653 278 724; x_wconf 85' lang='lat' dir='ltr'>‘qui</span> <span class='ocrx_word' id='word_1_32' title='bbox 295 655 388 709; x_wconf 90' lang='lat' dir='ltr'>tatem</span> <span class='ocrx_word' id='word_1_33' title='bbox 402 670 518 725; x_wconf 84' lang='lat' dir='ltr'>operam</span> <span class='ocrx_word' id='word_1_34' title='bbox 532 655 723 726; x_wconf 76' lang='lat' dir='ltr'>emptitasset,</span> <span class='ocrx_word' id='word_1_35' title='bbox 739 655 968 724; x_wconf 74' lang='lat' dir='ltr'><strong>vendidissetve,</strong></span> 
     </span>
     <span class='ocr_line' id='line_1_7' title="bbox 105 747 967 826; baseline 0.007 -20"><span class='ocrx_word' id='word_1_36' title='bbox 105 747 229 822; x_wconf 80' lang='lat' dir='ltr'>‘perinde</span> <span class='ocrx_word' id='word_1_37' title='bbox 255 769 354 824; x_wconf 85' lang='lat' dir='ltr'>poena</span> <span class='ocrx_word' id='word_1_38' title='bbox 369 758 524 816; x_wconf 87' lang='lat' dir='ltr'>teneretur,</span> <span class='ocrx_word' id='word_1_39' title='bbox 540 771 575 810; x_wconf 87' lang='lat' dir='ltr'>ac</span> <span class='ocrx_word' id='word_1_40' title='bbox 598 755 716 826; x_wconf 89' lang='lat' dir='ltr'>pubiico</span> <span class='ocrx_word' id='word_1_41' title='bbox 737 754 847 812; x_wconf 92' lang='lat' dir='ltr'>iudicio</span> <span class='ocrx_word' id='word_1_42' title='bbox 861 757 967 812; x_wconf 88' lang='lat' dir='ltr'>catum·</span> 
     </span>
     <span class='ocr_line' id='line_1_8' title="bbox 107 845 1020 926; baseline 0.001 -22"><span class='ocrx_word' id='word_1_43' title='bbox 107 847 182 904; x_wconf 88' lang='lat' dir='ltr'>‘niae</span> <span class='ocrx_word' id='word_1_44' title='bbox 192 845 426 908; x_wconf 70' lang='lat' dir='ltr'>condemnatus?</span> <span class='ocrx_word' id='word_1_45' title='bbox 448 851 534 908; x_wconf 86' lang='lat' dir='ltr'>Haud</span> <span class='ocrx_word' id='word_1_46' title='bbox 549 855 639 909; x_wconf 89' lang='lat' dir='ltr'>mutto</span> <span class='ocrx_word' id='word_1_47' title='bbox 654 857 717 924; x_wconf 88' lang='lat' dir='ltr'>post</span> <span class='ocrx_word' id='word_1_48' title='bbox 733 853 909 926; x_wconf 82' lang='lat' dir='ltr'>praetectum</span> <span class='ocrx_word' id='word_1_49' title='bbox 924 871 967 910; x_wconf 91' lang='lat' dir='ltr'>ur·</span> <span class='ocrx_word' id='word_1_50' title='bbox 977 845 1020 906; x_wconf 78' lang='grc'>42</span> 
     </span>
     <span class='ocr_line' id='line_1_9' title="bbox 108 945 966 1024; baseline 0.007 -22"><span class='ocrx_word' id='word_1_51' title='bbox 108 945 153 1013; x_wconf 89' lang='lat' dir='ltr'>bis,</span> <span class='ocrx_word' id='word_1_52' title='bbox 175 949 340 1007; x_wconf 85' lang='lat' dir='ltr'>Pedanium</span> <span class='ocrx_word' id='word_1_53' title='bbox 364 951 541 1016; x_wconf 84' lang='lat' dir='ltr'>Secundum,</span> <span class='ocrx_word' id='word_1_54' title='bbox 563 967 664 1007; x_wconf 87' lang='lat' dir='ltr'>servus</span> <span class='ocrx_word' id='word_1_55' title='bbox 686 951 776 1024; x_wconf 89' lang='lat' dir='ltr'>ipsius</span> <span class='ocrx_word' id='word_1_56' title='bbox 800 951 966 1008; x_wconf 75' lang='lat' dir='ltr'>interfecit:</span> 
     </span>
    </p>
   </div>
   <div class='ocr_carea' id='block_1_4' title="bbox 28 1049 967 1123">
    <p class='ocr_par' dir='ltr' id='par_1_4' title="bbox 28 1049 967 1123">
     <span class='ocr_line' id='line_1_10' title="bbox 28 1049 967 1123; baseline 0.01 -24"><span class='ocrx_word' id='word_1_57' title='bbox 28 1075 30 1084; x_wconf 45' lang='grc' dir='ltr'><strong>ν</strong></span> <span class='ocrx_word' id='word_1_58' title='bbox 107 1061 151 1102; x_wconf 84' lang='lat' dir='ltr'>seu</span> <span class='ocrx_word' id='word_1_59' title='bbox 169 1057 274 1122; x_wconf 85' lang='lat' dir='ltr'>negata</span> <span class='ocrx_word' id='word_1_60' title='bbox 306 1049 451 1116; x_wconf 88' lang='lat' dir='ltr'>libertate,</span> <span class='ocrx_word' id='word_1_61' title='bbox 478 1053 526 1108; x_wconf 89' lang='lat' dir='ltr'>cui</span> <span class='ocrx_word' id='word_1_62' title='bbox 560 1052 683 1123; x_wconf 88' lang='lat' dir='ltr'>pretium</span> <span class='ocrx_word' id='word_1_63' title='bbox 717 1049 875 1123; x_wconf 79' lang='lat' dir='ltr'>pepigerat,</span> <span class='ocrx_word' id='word_1_64' title='bbox 902 1050 967 1108; x_wconf 81' lang='lat' dir='ltr'>sive</span> 
     </span>
    </p>
   </div>
   <div class='ocr_carea' id='block_1_5' title="bbox 100 1149 1051 3294">
    <p class='ocr_par' dir='ltr' id='par_1_5' title="bbox 100 1149 1051 3294">
     <span class='ocr_line' id='line_1_11' title="bbox 106 1149 968 1216; baseline 0.008 -17"><span class='ocrx_word' id='word_1_65' title='bbox 106 1159 192 1202; x_wconf 87' lang='lat' dir='ltr'>amore</span> <span class='ocrx_word' id='word_1_66' title='bbox 214 1149 334 1204; x_wconf 79' lang='lat' dir='ltr'>exoleti</span> <span class='ocrx_word' id='word_1_67' title='bbox 356 1149 496 1216; x_wconf 84' lang='lat' dir='ltr'>intensus,</span> <span class='ocrx_word' id='word_1_68' title='bbox 520 1155 550 1206; x_wconf 88' lang='lat' dir='ltr'>et</span> <span class='ocrx_word' id='word_1_69' title='bbox 577 1150 725 1206; x_wconf 90' lang='lat' dir='ltr'>dominum</span> <span class='ocrx_word' id='word_1_70' title='bbox 750 1151 894 1207; x_wconf 82' lang='lat' dir='ltr'>aemulum</span> <span class='ocrx_word' id='word_1_71' title='bbox 908 1165 968 1206; x_wconf 90' lang='lat' dir='ltr'>non</span> 
     </span>
     <span class='ocr_line' id='line_1_12' title="bbox 104 1245 969 1314; baseline 0.006 -15"><span class='ocrx_word' id='word_1_72' title='bbox 104 1245 229 1302; x_wconf 82' lang='lat' dir='ltr'>tolerans.</span> <span class='ocrx_word' id='word_1_73' title='bbox 273 1247 413 1305; x_wconf 81' lang='lat' dir='ltr'>Ceterum</span> <span class='ocrx_word' id='word_1_74' title='bbox 438 1265 514 1313; x_wconf 89' lang='lat' dir='ltr'>cum,</span> <span class='ocrx_word' id='word_1_75' title='bbox 530 1253 630 1304; x_wconf 86' lang='lat' dir='ltr'>vetere</span> <span class='ocrx_word' id='word_1_76' title='bbox 653 1265 691 1304; x_wconf 85' lang='lat' dir='ltr'>ex</span> <span class='ocrx_word' id='word_1_77' title='bbox 715 1265 804 1314; x_wconf 88' lang='lat' dir='ltr'>more,</span> <span class='ocrx_word' id='word_1_78' title='bbox 827 1247 969 1304; x_wconf 80' lang='lat' dir='ltr'>inmittam</span> 
     </span>
     <span class='ocr_line' id='line_1_13' title="bbox 104 1348 969 1420; baseline 0.003 -21"><span class='ocrx_word' id='word_1_79' title='bbox 104 1359 220 1411; x_wconf 88' lang='lat' dir='ltr'>omnem,</span> <span class='ocrx_word' id='word_1_80' title='bbox 234 1364 312 1420; x_wconf 87' lang='lat' dir='ltr'>quae</span> <span class='ocrx_word' id='word_1_81' title='bbox 326 1349 380 1403; x_wconf 83' lang='lat' dir='ltr'>sub</span> <span class='ocrx_word' id='word_1_82' title='bbox 394 1349 497 1404; x_wconf 86' lang='lat' dir='ltr'>endem</span> <span class='ocrx_word' id='word_1_83' title='bbox 512 1353 591 1403; x_wconf 89' lang='lat' dir='ltr'>tecto</span> <span class='ocrx_word' id='word_1_84' title='bbox 605 1348 823 1414; x_wconf 75' lang='lat' dir='ltr'>mansitaverat,</span> <span class='ocrx_word' id='word_1_85' title='bbox 844 1349 880 1404; x_wconf 94' lang='lat' dir='ltr'>ad</span> <span class='ocrx_word' id='word_1_86' title='bbox 904 1363 969 1418; x_wconf 88' lang='lat' dir='ltr'>sup-</span> 
     </span>
     <span class='ocr_line' id='line_1_14' title="bbox 104 1441 970 1526; baseline 0.005 -28"><span class='ocrx_word' id='word_1_87' title='bbox 104 1441 216 1512; x_wconf 88' lang='lat' dir='ltr'>pticinm</span> <span class='ocrx_word' id='word_1_88' title='bbox 240 1445 293 1519; x_wconf 85' lang='lat' dir='ltr'>agi</span> <span class='ocrx_word' id='word_1_89' title='bbox 311 1451 465 1526; x_wconf 85' lang='lat' dir='ltr'>oporteret,</span> <span class='ocrx_word' id='word_1_90' title='bbox 487 1456 629 1503; x_wconf 83' lang='lat' dir='ltr'>concursu</span> <span class='ocrx_word' id='word_1_91' title='bbox 654 1447 756 1519; x_wconf 87' lang='lat' dir='ltr'>piebis,</span> <span class='ocrx_word' id='word_1_92' title='bbox 777 1463 849 1520; x_wconf 88' lang='lat' dir='ltr'>quae</span> <span class='ocrx_word' id='word_1_93' title='bbox 865 1451 907 1501; x_wconf 87' lang='lat' dir='ltr'>tot</span> <span class='ocrx_word' id='word_1_94' title='bbox 926 1447 970 1502; x_wconf 91' lang='lat' dir='ltr'>in·</span> 
     </span>
     <span class='ocr_line' id='line_1_15' title="bbox 104 1535 1011 1618; baseline 0.002 -22"><span class='ocrx_word' id='word_1_95' title='bbox 104 1543 201 1599; x_wconf 81' lang='lat' dir='ltr'>noxios</span> <span class='ocrx_word' id='word_1_96' title='bbox 216 1545 398 1617; x_wconf 86' lang='lat' dir='ltr'>protegebat,</span> <span class='ocrx_word' id='word_1_97' title='bbox 419 1547 559 1618; x_wconf 87' lang='lat' dir='ltr'>usquead</span> <span class='ocrx_word' id='word_1_98' title='bbox 574 1545 748 1601; x_wconf 76' lang='lat' dir='ltr'>seditionem</span> <span class='ocrx_word' id='word_1_99' title='bbox 764 1549 884 1600; x_wconf 85' lang='lat' dir='ltr'>ventum</span> <span class='ocrx_word' id='word_1_100' title='bbox 905 1547 968 1600; x_wconf 89' lang='lat' dir='ltr'>est:</span> <span class='ocrx_word' id='word_1_101' title='bbox 998 1535 1011 1573; x_wconf 55' lang='lat'>⁸</span> 
     </span>
     <span class='ocr_line' id='line_1_16' title="bbox 106 1619 970 1716; baseline 0.003 -21"><span class='ocrx_word' id='word_1_102' title='bbox 106 1638 270 1716; x_wconf 83' lang='lat' dir='ltr'>Senatuque</span> <span class='ocrx_word' id='word_1_103' title='bbox 284 1641 316 1700; x_wconf 88' lang='lat' dir='ltr'>in</span> <span class='ocrx_word' id='word_1_104' title='bbox 329 1643 498 1714; x_wconf 72' lang='lat' dir='ltr'>ipsoerant</span> <span class='ocrx_word' id='word_1_105' title='bbox 521 1643 614 1700; x_wconf 89' lang='lat' dir='ltr'>studia</span> <span class='ocrx_word' id='word_1_106' title='bbox 638 1643 757 1700; x_wconf 90' lang='lat' dir='ltr'>nimiam</span> <span class='ocrx_word' id='word_1_107' title='bbox 774 1619 970 1698; x_wconf 65' lang='lat' dir='ltr'>⁸severitatem</span> 
     </span>
     <span class='ocr_line' id='line_1_17' title="bbox 103 1739 969 1813; baseline 0.005 -21"><span class='ocrx_word' id='word_1_108' title='bbox 103 1739 346 1812; x_wconf 89' lang='lat' dir='ltr'>adspernantium,</span> <span class='ocrx_word' id='word_1_109' title='bbox 360 1743 486 1813; x_wconf 84' lang='lat' dir='ltr'>pluribus</span> <span class='ocrx_word' id='word_1_110' title='bbox 502 1742 575 1799; x_wconf 91' lang='lat' dir='ltr'>nibit</span> <span class='ocrx_word' id='word_1_111' title='bbox 591 1743 757 1800; x_wconf 87' lang='lat' dir='ltr'>mutandum</span> <span class='ocrx_word' id='word_1_112' title='bbox 772 1740 969 1798; x_wconf 87' lang='lat' dir='ltr'>censentibus.</span> 
     </span>
     <span class='ocr_line' id='line_1_18' title="bbox 103 1835 969 1912; baseline 0.003 -19"><span class='ocrx_word' id='word_1_113' title='bbox 103 1835 146 1893; x_wconf 83' lang='lat' dir='ltr'>Ex</span> <span class='ocrx_word' id='word_1_114' title='bbox 160 1839 225 1912; x_wconf 83' lang='lat' dir='ltr'>quis</span> <span class='ocrx_word' id='word_1_115' title='bbox 251 1837 288 1896; x_wconf 80' lang='lat' dir='ltr'>C.</span> <span class='ocrx_word' id='word_1_116' title='bbox 302 1835 429 1907; x_wconf 81' lang='lat' dir='ltr'>Cassius,</span> <span class='ocrx_word' id='word_1_117' title='bbox 444 1841 609 1898; x_wconf 87' lang='lat' dir='ltr'>sententiae</span> <span class='ocrx_word' id='word_1_118' title='bbox 624 1844 698 1906; x_wconf 91' lang='lat' dir='ltr'>toco,</span> <span class='ocrx_word' id='word_1_119' title='bbox 712 1839 743 1897; x_wconf 91' lang='lat' dir='ltr'>in</span> <span class='ocrx_word' id='word_1_120' title='bbox 758 1842 836 1897; x_wconf 90' lang='lat' dir='ltr'>bu&#39;nc</span> <span class='ocrx_word' id='word_1_121' title='bbox 853 1840 969 1896; x_wconf 86' lang='lat' dir='ltr'>modurn</span> 
     </span>
     <span class='ocr_line' id='line_1_19' title="bbox 103 1935 1024 2011; baseline 0.001 -20"><span class='ocrx_word' id='word_1_122' title='bbox 103 1935 245 1994; x_wconf 88' lang='lat' dir='ltr'>disseruit.</span> <span class='ocrx_word' id='word_1_123' title='bbox 266 1945 274 1971; x_wconf 81' lang='lat'>⁸</span> <span class='ocrx_word' id='word_1_124' title='bbox 288 1939 503 2011; x_wconf 88' lang='lat' dir='ltr'>Saepenumero</span> <span class='ocrx_word' id='word_1_125' title='bbox 513 1941 546 1996; x_wconf 87' lang='lat' dir='ltr'>P.</span> <span class='ocrx_word' id='word_1_126' title='bbox 563 1940 598 1997; x_wconf 81' lang='lat'>0.</span> <span class='ocrx_word' id='word_1_127' title='bbox 613 1940 643 1996; x_wconf 93' lang='lat' dir='ltr'>iu</span> <span class='ocrx_word' id='word_1_128' title='bbox 656 1941 712 1997; x_wconf 91' lang='lat' dir='ltr'>hoc</span> <span class='ocrx_word' id='word_1_129' title='bbox 726 1939 827 1996; x_wconf 87' lang='lat' dir='ltr'>ordine</span> <span class='ocrx_word' id='word_1_130' title='bbox 841 1937 968 2005; x_wconf 80' lang='lat' dir='ltr'>intertui,</span> <span class='ocrx_word' id='word_1_131' title='bbox 980 1945 1024 2006; x_wconf 76' lang='grc'>43</span> 
     </span>
     <span class='ocr_line' id='line_1_20' title="bbox 103 2037 970 2111; baseline 0.003 -20"><span class='ocrx_word' id='word_1_132' title='bbox 103 2041 188 2092; x_wconf 88' lang='lat' dir='ltr'>‘cum</span> <span class='ocrx_word' id='word_1_133' title='bbox 210 2042 315 2093; x_wconf 90' lang='lat' dir='ltr'>contra</span> <span class='ocrx_word' id='word_1_134' title='bbox 334 2037 469 2095; x_wconf 88' lang='lat' dir='ltr'>instituta</span> <span class='ocrx_word' id='word_1_135' title='bbox 489 2045 519 2094; x_wconf 91' lang='lat' dir='ltr'>et</span> <span class='ocrx_word' id='word_1_136' title='bbox 540 2041 620 2111; x_wconf 83' lang='lat' dir='ltr'>teges</span> <span class='ocrx_word' id='word_1_137' title='bbox 656 2040 795 2095; x_wconf 88' lang='lat' dir='ltr'>maiorum</span> <span class='ocrx_word' id='word_1_138' title='bbox 816 2055 894 2095; x_wconf 88' lang='lat' dir='ltr'>nova</span> <span class='ocrx_word' id='word_1_139' title='bbox 918 2040 970 2094; x_wconf 88' lang='lat' dir='ltr'>Se·</span> 
     </span>
     <span class='ocr_line' id='line_1_21' title="bbox 104 2137 970 2212; baseline 0.001 -21"><span class='ocrx_word' id='word_1_140' title='bbox 104 2139 205 2192; x_wconf 87' lang='lat' dir='ltr'>‘natus</span> <span class='ocrx_word' id='word_1_141' title='bbox 226 2137 345 2192; x_wconf 88' lang='lat' dir='ltr'>decreta</span> <span class='ocrx_word' id='word_1_142' title='bbox 366 2140 593 2210; x_wconf 88' lang='lat' dir='ltr'>postutarentur:</span> <span class='ocrx_word' id='word_1_143' title='bbox 622 2155 716 2212; x_wconf 91' lang='lat' dir='ltr'>neque</span> <span class='ocrx_word' id='word_1_144' title='bbox 745 2153 808 2194; x_wconf 90' lang='lat' dir='ltr'>sum</span> <span class='ocrx_word' id='word_1_145' title='bbox 835 2137 970 2192; x_wconf 83' lang='lat' dir='ltr'>adversa·</span> 
     </span>
     <span class='ocr_line' id='line_1_22' title="bbox 103 2233 970 2309; baseline 0 -19"><span class='ocrx_word' id='word_1_146' title='bbox 103 2238 187 2290; x_wconf 73' lang='lat' dir='ltr'>‘tust</span> <span class='ocrx_word' id='word_1_147' title='bbox 211 2251 281 2299; x_wconf 92' lang='lat' dir='ltr'>non,</span> <span class='ocrx_word' id='word_1_148' title='bbox 300 2234 367 2309; x_wconf 88' lang='lat' dir='ltr'>quia</span> <span class='ocrx_word' id='word_1_149' title='bbox 387 2235 560 2300; x_wconf 86' lang='lat' dir='ltr'>dubitarem,</span> <span class='ocrx_word' id='word_1_150' title='bbox 580 2253 666 2308; x_wconf 84' lang='lat' dir='ltr'>anper</span> <span class='ocrx_word' id='word_1_151' title='bbox 688 2236 822 2292; x_wconf 87' lang='lat' dir='ltr'>omnibus</span> <span class='ocrx_word' id='word_1_152' title='bbox 844 2233 970 2308; x_wconf 81' lang='lat' dir='ltr'>negotiis</span> 
     </span>
     <span class='ocr_line' id='line_1_23' title="bbox 104 2333 971 2407; baseline -0.001 -18"><span class='ocrx_word' id='word_1_153' title='bbox 104 2333 226 2391; x_wconf 83' lang='lat' dir='ltr'>‘metius</span> <span class='ocrx_word' id='word_1_154' title='bbox 247 2339 333 2407; x_wconf 87' lang='lat' dir='ltr'>atque</span> <span class='ocrx_word' id='word_1_155' title='bbox 354 2335 460 2390; x_wconf 88' lang='lat' dir='ltr'>iectius</span> <span class='ocrx_word' id='word_1_156' title='bbox 480 2335 551 2390; x_wconf 90' lang='lat' dir='ltr'>otim</span> <span class='ocrx_word' id='word_1_157' title='bbox 573 2333 781 2405; x_wconf 74' lang='lat' dir='ltr'>provisumst,</span> <span class='ocrx_word' id='word_1_158' title='bbox 802 2349 876 2406; x_wconf 87' lang='lat' dir='ltr'>quse</span> <span class='ocrx_word' id='word_1_159' title='bbox 902 2349 971 2388; x_wconf 89' lang='lat' dir='ltr'>con·</span> 
     </span>
     <span class='ocr_line' id='line_1_24' title="bbox 105 2427 970 2501; baseline 0 -15"><span class='ocrx_word' id='word_1_160' title='bbox 105 2437 315 2498; x_wconf 71' lang='lat' dir='ltr'>‘verterentua</span> <span class='ocrx_word' id='word_1_161' title='bbox 349 2431 381 2488; x_wconf 92' lang='lat' dir='ltr'>in</span> <span class='ocrx_word' id='word_1_162' title='bbox 400 2433 527 2489; x_wconf 83' lang='lat' dir='ltr'>deterius</span> <span class='ocrx_word' id='word_1_163' title='bbox 555 2433 684 2501; x_wconf 88' lang='lat' dir='ltr'>mutari;</span> <span class='ocrx_word' id='word_1_164' title='bbox 717 2433 769 2488; x_wconf 89' lang='lat' dir='ltr'>sed</span> <span class='ocrx_word' id='word_1_165' title='bbox 802 2448 840 2487; x_wconf 88' lang='lat' dir='ltr'>ne</span> <span class='ocrx_word' id='word_1_166' title='bbox 880 2427 970 2487; x_wconf 88' lang='lat' dir='ltr'>nimio</span> 
     </span>
     <span class='ocr_line' id='line_1_25' title="bbox 102 2514 971 2603; baseline -0.003 -16"><span class='ocrx_word' id='word_1_167' title='bbox 102 2514 220 2587; x_wconf 68' lang='lat' dir='ltr'>²amore</span> <span class='ocrx_word' id='word_1_168' title='bbox 231 2529 344 2603; x_wconf 87' lang='lat' dir='ltr'>antiqui</span> <span class='ocrx_word' id='word_1_169' title='bbox 364 2532 451 2587; x_wconf 88' lang='lat' dir='ltr'>moris</span> <span class='ocrx_word' id='word_1_170' title='bbox 465 2531 590 2588; x_wconf 87' lang='lat' dir='ltr'>studium</span> <span class='ocrx_word' id='word_1_171' title='bbox 602 2547 698 2588; x_wconf 88' lang='lat' dir='ltr'>meum</span> <span class='ocrx_word' id='word_1_172' title='bbox 719 2531 860 2594; x_wconf 81' lang='lat' dir='ltr'>extoliere</span> <span class='ocrx_word' id='word_1_173' title='bbox 891 2529 971 2585; x_wconf 85' lang='lat' dir='ltr'>vide·</span> 
     </span>
     <span class='ocr_line' id='line_1_26' title="bbox 103 2627 1051 2704; baseline 0.002 -20"><span class='ocrx_word' id='word_1_174' title='bbox 103 2633 175 2686; x_wconf 87' lang='lat' dir='ltr'>‘rer.</span> <span class='ocrx_word' id='word_1_175' title='bbox 220 2629 325 2697; x_wconf 85' lang='lat' dir='ltr'>Simut,</span> <span class='ocrx_word' id='word_1_176' title='bbox 345 2629 481 2704; x_wconf 86' lang='lat' dir='ltr'>quidquid</span> <span class='ocrx_word' id='word_1_177' title='bbox 498 2632 553 2687; x_wconf 90' lang='lat' dir='ltr'>boc</span> <span class='ocrx_word' id='word_1_178' title='bbox 573 2632 604 2688; x_wconf 88' lang='lat' dir='ltr'>in</span> <span class='ocrx_word' id='word_1_179' title='bbox 620 2630 703 2686; x_wconf 84' lang='lat' dir='ltr'>nobie</span> <span class='ocrx_word' id='word_1_180' title='bbox 717 2627 897 2686; x_wconf 80' lang='lat' dir='ltr'>auctoritatis</span> <span class='ocrx_word' id='word_1_181' title='bbox 917 2633 971 2696; x_wconf 86' lang='lat' dir='ltr'>est,</span> <span class='ocrx_word' id='word_1_182' title='bbox 1050 2657 1051 2660; x_wconf 37' lang='lat'>¹</span> 
     </span>
     <span class='ocr_line' id='line_1_27' title="bbox 102 2727 971 2794; baseline -0.002 -10"><span class='ocrx_word' id='word_1_183' title='bbox 102 2727 234 2794; x_wconf 83' lang='lat' dir='ltr'>‘crebris</span> <span class='ocrx_word' id='word_1_184' title='bbox 261 2728 540 2786; x_wconf 75' lang='lat' dir='ltr'>contradictionibus</span> <span class='ocrx_word' id='word_1_185' title='bbox 568 2729 773 2785; x_wconf 88' lang='lat' dir='ltr'>destruendum</span> <span class='ocrx_word' id='word_1_186' title='bbox 788 2745 845 2783; x_wconf 91' lang='lat' dir='ltr'>non</span> <span class='ocrx_word' id='word_1_187' title='bbox 871 2727 971 2783; x_wconf 87' lang='lat' dir='ltr'>existi·</span> 
     </span>
     <span class='ocr_line' id='line_1_28' title="bbox 101 2825 971 2901; baseline 0 -19"><span class='ocrx_word' id='word_1_188' title='bbox 101 2828 244 2892; x_wconf 89' lang='lat' dir='ltr'>‘mabam,</span> <span class='ocrx_word' id='word_1_189' title='bbox 266 2832 297 2882; x_wconf 87' lang='lat' dir='ltr'>ut</span> <span class='ocrx_word' id='word_1_190' title='bbox 321 2833 451 2884; x_wconf 84' lang='lat' dir='ltr'>maneret</span> <span class='ocrx_word' id='word_1_191' title='bbox 471 2829 615 2901; x_wconf 86' lang='lat' dir='ltr'>integrum</span> <span class='ocrx_word' id='word_1_192' title='bbox 641 2827 666 2883; x_wconf 87' lang='lat' dir='ltr'>si</span> <span class='ocrx_word' id='word_1_193' title='bbox 697 2827 812 2900; x_wconf 88' lang='lat' dir='ltr'>quando</span> <span class='ocrx_word' id='word_1_194' title='bbox 841 2825 971 2899; x_wconf 84' lang='lat' dir='ltr'>Respub-</span> 
     </span>
     <span class='ocr_line' id='line_1_29' title="bbox 102 2924 971 3000; baseline 0.001 -20"><span class='ocrx_word' id='word_1_195' title='bbox 102 2925 184 2981; x_wconf 83' lang='lat' dir='ltr'>‘tica</span> <span class='ocrx_word' id='word_1_196' title='bbox 205 2924 337 2981; x_wconf 86' lang='lat' dir='ltr'>consitiis</span> <span class='ocrx_word' id='word_1_197' title='bbox 351 2925 487 2999; x_wconf 83' lang='lat' dir='ltr'>eguisset.</span> <span class='ocrx_word' id='word_1_198' title='bbox 512 2928 586 3000; x_wconf 91' lang='lat' dir='ltr'>quod</span> <span class='ocrx_word' id='word_1_199' title='bbox 612 2926 699 2982; x_wconf 89' lang='lat' dir='ltr'>bodie</span> <span class='ocrx_word' id='word_1_200' title='bbox 724 2924 833 2988; x_wconf 91' lang='lat' dir='ltr'>evenit,</span> <span class='ocrx_word' id='word_1_201' title='bbox 859 2925 971 2981; x_wconf 74' lang='lat' dir='ltr'>Consu·</span> 
     </span>
     <span class='ocr_line' id='line_1_30' title="bbox 100 3022 970 3095; baseline -0.001 -16"><span class='ocrx_word' id='word_1_202' title='bbox 100 3023 172 3079; x_wconf 86' lang='lat' dir='ltr'>‘tari</span> <span class='ocrx_word' id='word_1_203' title='bbox 188 3022 254 3078; x_wconf 89' lang='lat' dir='ltr'>viro</span> <span class='ocrx_word' id='word_1_204' title='bbox 269 3023 347 3080; x_wconf 91' lang='lat' dir='ltr'>domi</span> <span class='ocrx_word' id='word_1_205' title='bbox 372 3042 440 3080; x_wconf 87' lang='lat' dir='ltr'>suae</span> <span class='ocrx_word' id='word_1_206' title='bbox 455 3025 618 3090; x_wconf 83' lang='lat' dir='ltr'>interiecto,</span> <span class='ocrx_word' id='word_1_207' title='bbox 634 3041 683 3095; x_wconf 89' lang='lat' dir='ltr'>per</span> <span class='ocrx_word' id='word_1_208' title='bbox 697 3023 818 3079; x_wconf 87' lang='lat' dir='ltr'>insidias</span> <span class='ocrx_word' id='word_1_209' title='bbox 839 3023 970 3088; x_wconf 86' lang='lat' dir='ltr'>servite&#39;s,</span> 
     </span>
     <span class='ocr_line' id='line_1_31' title="bbox 102 3121 971 3195; baseline 0 -19"><span class='ocrx_word' id='word_1_210' title='bbox 102 3126 109 3152; x_wconf 81' lang='lat'>⁴</span> <span class='ocrx_word' id='word_1_211' title='bbox 124 3134 197 3195; x_wconf 86' lang='lat' dir='ltr'>quas</span> <span class='ocrx_word' id='word_1_212' title='bbox 209 3139 295 3177; x_wconf 89' lang='lat' dir='ltr'>nemo</span> <span class='ocrx_word' id='word_1_213' title='bbox 310 3123 455 3194; x_wconf 87' lang='lat' dir='ltr'>probibuit</span> <span class='ocrx_word' id='word_1_214' title='bbox 469 3129 518 3179; x_wconf 89' lang='lat' dir='ltr'>aut</span> <span class='ocrx_word' id='word_1_215' title='bbox 533 3123 667 3195; x_wconf 90' lang='lat' dir='ltr'>prodidit,</span> <span class='ocrx_word' id='word_1_216' title='bbox 693 3123 827 3195; x_wconf 88' lang='lat' dir='ltr'>quamvis</span> <span class='ocrx_word' id='word_1_217' title='bbox 843 3121 971 3176; x_wconf 89' lang='lat' dir='ltr'>nondum</span> 
     </span>
     <span class='ocr_line' id='line_1_32' title="bbox 102 3216 972 3294; baseline -0.006 -18"><span class='ocrx_word' id='word_1_218' title='bbox 102 3221 272 3276; x_wconf 79' lang='lat' dir='ltr'>‘concusso</span> <span class='ocrx_word' id='word_1_219' title='bbox 298 3222 424 3277; x_wconf 84' lang='lat' dir='ltr'>Senatus</span> <span class='ocrx_word' id='word_1_220' title='bbox 455 3223 600 3288; x_wconf 87' lang='lat' dir='ltr'>consulto,</span> <span class='ocrx_word' id='word_1_221' title='bbox 627 3221 703 3294; x_wconf 91' lang='lat' dir='ltr'>quod</span> <span class='ocrx_word' id='word_1_222' title='bbox 718 3219 892 3290; x_wconf 82' lang='lat' dir='ltr'>suppticiunr</span> <span class='ocrx_word' id='word_1_223' title='bbox 917 3216 972 3272; x_wconf 89' lang='lat' dir='ltr'>toti</span> 
     </span>
    </p>
   </div>
   <div class='ocr_carea' id='block_1_6' title="bbox 104 3385 974 3512">
    <p class='ocr_par' dir='ltr' id='par_1_6' title="bbox 104 3385 974 3512">
     <span class='ocr_line' id='line_1_33' title="bbox 134 3385 974 3452; baseline -0.013 -15"><span class='ocrx_word' id='word_1_224' title='bbox 134 3391 161 3438; x_wconf 80' lang='lat' dir='ltr'>G.</span> <span class='ocrx_word' id='word_1_225' title='bbox 178 3391 279 3451; x_wconf 74' lang='lat' dir='ltr'>enum]</span> <span class='ocrx_word' id='word_1_226' title='bbox 310 3391 394 3449; x_wconf 72' lang='lat' dir='ltr'>legum</span> <span class='ocrx_word' id='word_1_227' title='bbox 410 3393 576 3452; x_wconf 57' lang='lat' dir='ltr'>protensam.</span> <span class='ocrx_word' id='word_1_228' title='bbox 592 3395 646 3441; x_wconf 82' lang='lat' dir='ltr'>xit.</span> <span class='ocrx_word' id='word_1_229' title='bbox 667 3395 701 3438; x_wconf 83' lang='lat'>12.</span> <span class='ocrx_word' id='word_1_230' title='bbox 720 3389 756 3436; x_wconf 82' lang='lat' dir='ltr'>Cf.</span> <span class='ocrx_word' id='word_1_231' title='bbox 773 3385 847 3442; x_wconf 74' lang='lat' dir='ltr'>rayca.</span> <span class='ocrx_word' id='word_1_232' title='bbox 859 3385 888 3430; x_wconf 86' lang='lat' dir='ltr'>ad</span> <span class='ocrx_word' id='word_1_233' title='bbox 905 3386 974 3439; x_wconf 52' lang='lat' dir='ltr'>uto.</span> 
     </span>
     <span class='ocr_line' id='line_1_34' title="bbox 104 3450 542 3512; baseline 0.005 -14"><span class='ocrx_word' id='word_1_234' title='bbox 104 3450 189 3498; x_wconf 78' lang='lat' dir='ltr'>Paullo</span> <span class='ocrx_word' id='word_1_235' title='bbox 198 3455 249 3512; x_wconf 89' lang='lat' dir='ltr'>post</span> <span class='ocrx_word' id='word_1_236' title='bbox 259 3450 316 3498; x_wconf 89' lang='lat' dir='ltr'>Bud.</span> <span class='ocrx_word' id='word_1_237' title='bbox 328 3451 408 3499; x_wconf 79' lang='lat' dir='ltr'>metius</span> <span class='ocrx_word' id='word_1_238' title='bbox 417 3466 443 3498; x_wconf 86' lang='lat' dir='ltr'>us</span> <span class='ocrx_word' id='word_1_239' title='bbox 452 3453 542 3500; x_wconf 73' lang='lat' dir='ltr'>aestiua.</span> 
     </span>
    </p>
   </div>
   <div class='ocr_carea' id='block_1_7' title="bbox 0 0 1084 3820">
    <p class='ocr_par' dir='ltr' id='par_1_7' title="bbox 0 0 1084 3820">
     <span class='ocr_line' id='line_1_35' title="bbox 0 0 1084 3820; baseline 0 1"><span class='ocrx_word' id='word_1_240' title='bbox 0 0 1084 3820; x_wconf 95' lang='lat' dir='ltr'> </span> 
     </span>
    </p>
   </div>
  </div>
 </body>
</html>
