2090 3838
72 247 147 316 200
363 257 617 312 rrrsuonrarrrnr
806 263 834 308 u.
850 259 879 308 v.
897 263 959 310 aaa.

74 435 153 478 mua:
175 423 245 474 tune
263 433 364 474 sersus
388 433 406 472 e
427 415 533 482 Ponto,
557 414 633 481 sive,
656 416 690 470 ut
714 413 768 472 alii
796 413 960 481 tradidere,

74 516 226 576 libertinus
238 533 278 574 ax
293 514 389 592 ltalia,
411 514 543 572 citharae
562 519 594 570 et
620 517 726 570 cantus
755 512 863 585 peritus
883 509 959 588 (uu-

74 617 112 674 de
132 615 187 682 illi,
213 631 299 686 super
316 611 538 670 similitudinem
571 611 639 678 oris,
678 613 795 684 propior
828 613 864 668 ad
898 612 960 668 iel·

75 715 194 774 lendum
225 708 311 788 tides)
342 709 489 770 adiunctis
520 709 725 776 desertoribus,
756 727 829 784 quos
849 709 957 782 inopia

77 829 168 887 vagos
192 809 358 885 ingentibus
378 807 527 881 promissis
550 813 735 881 corruperat,
755 826 836 864 mare
858 809 960 882 ingre-

77 911 171 968 ditur:
192 925 237 976 ac,
252 908 290 968 ri·
304 911 508 981 tempestatum
532 907 686 979 Cythnum
705 907 833 964 insulam
857 909 958 964 detru-

77 1025 135 1076 sus,
155 1013 186 1065 et
208 1007 332 1066 militum
352 1007 491 1080 quadam
514 1005 697 1062 exoriente
720 1007 958 1064 commeantium

77 1105 214 1170 adscivit,
235 1107 283 1162 vel
304 1105 466 1164 abnuentes
493 1103 619 1160 interfici
645 1103 741 1170 iussit,
761 1109 793 1160 et
820 1104 957 1177 spoliatis

78 1202 315 1278 negotiatoribus,
345 1200 556 1273 mancipiorum
587 1201 824 1260 valentissimum
856 1219 956 1276 quem·

78 1317 134 1377 que
160 1300 294 1358 armarit.
335 1299 601 1374 centurionemque
630 1301 798 1368 Sisennam,
822 1297 959 1367 donnas,

79 1399 253 1458 concordiae
279 1397 415 1472 insignia,
447 1395 565 1471 Syriaci
595 1398 743 1457 exercitus
774 1399 898 1456 nomine
919 1401 958 1456 ad

80 1498 283 1558 Praetorianos
300 1497 449 1563 terentem,
470 1497 559 1554 variis
584 1497 694 1554 artibus
713 1499 870 1570 adgressus
891 1483 956 1554 est:

81 1599 176 1656 donec
192 1598 327 1660 Sisenna,
340 1597 417 1652 clam
438 1593 542 1652 relicta
565 1595 671 1662 insula,
692 1596 823 1668 trepidus
847 1604 879 1654 et
894 1598 958 1657 vim

81 1703 214 1756 metuens
240 1696 396 1769 aufugeret
422 1693 491 1750 inde
514 1695 573 1752 late
598 1698 699 1759 terror,
720 1695 820 1752 multis
845 1699 884 1755 ad
909 1715 958 1754 ee-

82 1795 247 1852 lebritatem
269 1792 395 1851 nominis
418 1792 534 1861 erectis,
554 1809 649 1850 rerum
671 1809 815 1851 novarum
844 1795 960 1868 eupidi-

53 1888 72 1945 9
84 1911 121 1952 ne
135 1899 166 1948 et
178 1893 246 1948 odio
270 1891 473 1964 praesentium.
516 1889 701 1973 Glisceutern
715 1892 825 1949 indies
848 1894 960 1952 lamam

82 1992 140 2048 iors
154 1991 297 2048 discussit.
339 1990 488 2048 Galatiam
506 2005 542 2045 ac
557 1989 763 2062 Pamphyliam
784 1991 959 2062 provincias

84 2089 244 2162 Calpurnio
262 2090 418 2161 Asprenati
435 2087 577 2161 regendas
591 2086 689 2144 Galba
704 2089 885 2160 permiserat.
909 2092 961 2148 de·

85 2193 132 2246 tae
147 2206 163 2244 a
177 2191 272 2246 classe
286 2185 449 2244 Misenensi
467 2187 543 2244 duae
566 2187 699 2244 triremes
723 2189 760 2243 ad
782 2205 959 2270 prosequen-

85 2291 162 2354 dum,
183 2303 249 2344 curn
276 2286 378 2360 quibus
406 2284 557 2357 Cythnum
586 2284 711 2342 insulam
740 2287 847 2343 tenuit.
888 2289 958 2346 Nec

86 2389 213 2452 deluere,
231 2385 281 2459 qui
307 2383 479 2442 trierarchos
507 2382 625 2440 nomine
654 2383 782 2440 Neronis
814 2385 958 2444 accirent.

87 2487 113 2544 is
127 2488 157 2544 in
173 2483 344 2543 maestitiam
358 2479 545 2554 compositus,
559 2487 589 2546 et
602 2481 707 2538 ‘tidem
728 2499 844 2542 suorum
868 2501 959 2558 quon·

88 2587 175 2642 ‘dam
189 2579 321 2642 militum’
341 2581 492 2647 insonans,
514 2585 565 2636 ‘ut
585 2579 696 2636 eumin
720 2581 809 2653 Syria
832 2588 884 2639 aut
898 2585 959 2642 Ae·

90 2689 200 2757 ‘gypto
217 2677 370 2745 sisterent?
391 2681 500 2736 orabat.
543 2679 711 2736 Tdemrchi
734 2686 881 2748 nutantes,
906 2699 958 2738 seu

90 2783 167 2848 dolo,
181 2786 189 2812 ‘
203 2779 397 2852 adloquendos
422 2777 478 2834 sibi
500 2778 616 2845 milites,
637 2784 666 2836 el
694 2781 803 2852 puratis
826 2780 958 2838 omnium

91 2879 212 2936 ‘animia
240 2874 421 2942 reversuros,‘
454 2877 649 2934 firmaverunt.
707 2879 766 2934 Sed
796 2879 957 2950 Asprenati

91 2983 197 3038 cunels
211 2995 248 3033 ex
263 2976 320 3032 fide
334 2975 473 3032 nuntiata.
488 2975 570 3032 cuius
580 2977 780 3032 cohortatione
788 2983 959 3052 expugnate

92 3078 186 3144 navis,
207 3082 237 3132 et
257 3075 424 3132 interiectus
446 3074 572 3148 quisquis
593 3074 643 3131 ille
665 3079 736 3130 erat.
778 3075 901 3148 Corpus,
915 3077 958 3134 iu‘·

91 3178 173 3251 aigne
188 3174 288 3238 oculis,
312 3190 452 3245 comaque
467 3179 498 3228 et
513 3173 652 3229 torvitate
670 3176 777 3239 vultus,
797 3172 828 3229 in
853 3175 957 3232 Asiam

44 3275 260 3347 loatqueinde
281 3273 402 3328 Romam
427 3278 595 3342 pervectum
610 3277 662 3328 est.
705 3273 740 3329 ln
753 3273 879 3331 civitate
903 3274 959 3332 dis-

94 3372 176 3428 cordi
210 3377 249 3437 el,
275 3371 312 3425 ob
332 3371 445 3424 crebras
474 3369 642 3442 Principum
677 3371 862 3440 mutationes,
883 3373 958 3431 inter

19 3541 27 3555 .
93 3473 255 3528 libertatem
280 3484 314 3524 ac
329 3465 478 3523 licentiam
502 3467 623 3537 incerta,
645 3487 753 3544 parvae
778 3489 892 3548 quoque
914 3489 958 3532 rer
