2100 3834
93 193 168 264 306
391 211 644 262 ursuoaraavrs
821 215 851 262 a.
869 213 902 262 v.
918 214 972 262 aaa.

4 363 5 368 ’
95 369 152 428 ‘tis
173 367 298 443 undique
320 367 429 426 nuntiis
455 368 598 440 trepidas:
622 367 720 440 popuii
743 367 883 425 mobilem
907 365 971 424 ani·

96 473 211 526 ‘munta
232 473 271 532 et,
292 467 318 524 si
344 485 375 524 se
403 467 518 524 Ducem
546 467 734 539 praebuisset,
759 469 877 524 easdem
901 469 969 523 ittae

96 566 295 638 ‘adulationes
310 583 368 637 pro
381 566 565 636 Vespasiano
578 566 646 622 iore.
689 567 787 636 Ipsum
803 566 967 622 Vitoitium

96 669 154 722 ‘ue
169 665 310 737 prosperis
333 664 449 738 quidem
472 681 585 736 peremi
606 666 679 722 adeo
699 665 848 720 ruentibus
862 664 969 720 debiti·

95 767 215 820 ‘tatutis
257 762 388 820 Gratiam
404 763 508 835 patrati
522 763 591 820 beiti
606 781 695 834 penes
709 781 783 830 eum,
799 765 847 837 qui
863 767 966 820 urbam

96 865 296 932 ‘occupasset
348 863 382 920 ld
408 862 519 918 Sabino
545 861 714 926 convenire,
739 869 769 918 ut
806 863 966 933 Imperium

95 959 194 1018 ‘fratri
215 966 391 1029 reservarem
412 960 442 1018 id
463 961 656 1032 Vespasiano,
671 957 704 1016 ut'
724 959 816 1017 ceteri
833 969 895 1032 post
913 963 964 1016 Sa·

44 1058 215 1119 b'b‘binum
249 1057 439 1116 haberentur?
490 1059 717 1132 Haudquaquam
742 1067 844 1114 erecto
866 1059 964 1114 animo
1045 1089 1046 1142 ᾗ

96 1173 146 1214 eas
174 1173 262 1213 voces
289 1157 463 1229 accipiebat,
500 1157 646 1214 invalidus
677 1165 808 1214 senecta.
863 1159 962 1227 Erant,
1045 1163 1046 1184 ¹

95 1253 144 1329 qui
157 1255 282 1311 occtrttis
295 1255 508 1336 suspicionibus
532 1256 721 1321 incesserent,
737 1264 882 1330 tamquam
902 1257 962 1312 ‘in-

96 1352 195 1408 ‘vidia
222 1355 471 1412 assensionem
499 1355 641 1412 fortunam
668 1355 762 1412 fratris
786 1353 961 1412 moraretur?

95 1450 229 1526 Namque
252 1452 375 1510 Flavius
391 1453 525 1518 Sabinus,
547 1459 643 1510 aetate
663 1455 745 1526 prior,
762 1455 883 1525 privatis
898 1453 963 1510 utri·

96 1567 184 1624 usque
217 1553 312 1616 rebus,
333 1552 504 1608 auctoritaie
529 1553 708 1626 pecuniaque
747 1553 960 1626 Vespasianum

95 1649 233 1706 anteibat.
273 1651 313 1708 Et
333 1651 505 1728 credebatur
528 1651 671 1708 adiectam
692 1652 754 1708 eius
775 1652 863 1708 iidem
885 1669 962 1724 prae-

95 1747 215 1815 iuvisse,
247 1751 334 1806 domo
353 1750 485 1824 agrisque
519 1750 632 1822 pignori
666 1751 807 1822 acceptis.
864 1751 960 1817 Vnde,

94 1864 264 1920 quamquam
279 1853 415 1906 manente
429 1848 600 1921 inspeciem
614 1852 779 1916 concordia,
790 1850 961 1906 offensarum

93 1950 194 2020 operta
222 1949 430 2005 metuebantur.
471 1947 579 2008 Melior
599 1948 816 2020 interpretatio:
839 1951 963 2007 ‘mitem

94 2046 209 2108 'virum
229 2045 383 2102 abhorrere
413 2061 430 2102 a
460 2044 601 2118 sanguiue
624 2050 653 2102 et
679 2044 838 2102 caedibus:
871 2064 963 2120 eoque

95 2145 221 2208 ‘crebris
244 2161 310 2202 oum
334 2143 461 2202 Viteliio
483 2145 661 2202 sermonibus
684 2147 720 2200 de
745 2136 834 2217 'paca
855 2163 963 2218 ponen-

94 2248 216 2320 ‘disque
251 2263 301 2317 per
333 2243 533 2301 conditionem
563 2244 658 2310 armis,
691 2241 824 2316 agitare?
867 2245 963 2317 Saepe

95 2345 174 2402 domi
187 2343 345 2416 congressi,
367 2347 511 2415 postremo
525 2342 554 2398 in
580 2343 652 2400 aede
669 2342 826 2414 Apoiiiois,
840 2348 873 2398 ut
887 2343 963 2402 isarna

93 2443 156 2510 tuit,
184 2443 327 2516 pepigere.
370 2441 468 2516 Verba
493 2458 635 2514 vocesque
662 2442 733 2497 rinos
762 2447 852 2498 testes
878 2444 964 2498 habe·

95 2541 327 2608 bant,(iiurium
349 2539 455 2596 Rufum
477 2545 506 2596 ei
533 2540 637 2596 Silium
665 2541 811 2596 Italicum.
853 2542 963 2598 Vuitus

95 2641 193 2711 procul
219 2639 381 2696 visentibus
405 2639 593 2696 notabantur:
628 2639 745 2695 Vitcitii
763 2640 911 2709 proiectus
934 2643 964 2696 et

95 2737 239 2809 deganam
270 2738 394 2794 Sabinus
414 2753 473 2793 uon
500 2737 642 2793 insultans
665 2743 695 2792 et
720 2737 872 2794 miseranti
903 2755 965 2810 pro-

124 2887 232 2956 ψεῳηι
242 2887 290 2935 cias
296 2889 371 2946 fidem
386 2888 530 2948 masinissae]
543 2888 557 2934 i.
569 2905 588 2934 e.
608 2906 649 2994 qno
663 2905 691 2936 eo
706 2891 804 2942 solvisse,
816 2905 867 2936 com
878 2893 964 2938 solvere

94 2946 240 3014 crsdttortbus
255 2961 297 2996 non
311 2954 392 3007 posset.
423 2948 582 3006 Affictnfidss
596 2958 710 3008 eeganter
725 2949 807 2996 dicitnr
822 2949 929 2996 laborans
939 2965 966 2998 rx

94 3005 168 3064 inopia
179 3005 292 3064 pecuniae,
308 3020 351 3066 qna
366 3007 513 3054 creditoribus
528 3007 627 3054 satisfiat.
660 3009 695 3053 Sic
703 3009 781 3067 offecto
791 3023 827 3054 ras
834 3010 966 3066 familiaria

95 3075 162 3122 saepe
171 3065 229 3122 apud
242 3063 332 3132 Livium·
340 3067 375 3122 (ot
386 3067 416 3120 tt,
427 3067 475 3123 43.)
490 3067 519 3111 de
529 3079 556 3110 eo
566 3067 655 3118 dicitur,
671 3067 707 3127 qui
719 3081 770 3112 aem
781 3068 858 3113 alieno
869 3069 963 3125 laborat,

93 3122 963 3235 iif’iiaffis‘iiiiiiii‘ii‘itffiiid‘⁷⁶,iimi'“'‘'¹“ffiff‘i‘iimtpiffi‘f‘l

111 3237 117 3246 ι
475 3198 589 3229 coenan
611 3199 678 3244 apro
739 3220 744 3230 .
774 3199 817 3230 ο..
849 3221 855 3231 .
891 3201 953 3231 russas

93 3249 148 3282 masc
157 3245 231 3282 sutem
241 3243 274 3282 est
285 3246 344 3292 sote,
353 3239 406 3284 oiim
417 3239 508 3286 iuvisse:
526 3256 592 3301 quant
602 3244 647 3288 vim
658 3244 794 3304 praepositio
805 3245 862 3290 baec
872 3245 895 3290 in
906 3261 964 3292 corn·

93 3295 204 3352 positione
215 3296 256 3340 hac
266 3300 341 3342 aetate
351 3296 372 3342 in
388 3298 495 3356 pluribus,
510 3314 576 3360 quam
586 3301 648 3354 oiirn,
664 3303 738 3348 verbis
747 3303 852 3349 obtinuit.
885 3304 965 3348 Obiter

88 3350 213 3398 observent
221 3353 311 3406 ornnes,
325 3353 409 3411 pignus
419 3357 511 3425 antiqua
526 3358 653 3405 Latinitate
662 3361 706 3406 dici
717 3362 786 3406 etiarn
797 3361 827 3407 rie
836 3361 965 3420 synnade,

93 3410 210 3514 qitrqqqilqi'e
217 3412 239 3470 pi
265 3411 352 3516 gibus,
367 3420 392 3460 ut
406 3415 435 3460 nti
450 3414 564 3466 Ciceronis
579 3429 631 3484 epp.
642 3420 673 3466 ad
688 3420 741 3468 Div.
752 3420 821 3476 Xiii,
831 3425 868 3470 56.
880 3420 966 3468 monuit
