2090 3838
91 239 166 290 nc.
182 244 216 290 rc
313 239 383 288 arn.
410 239 433 288 r.
483 241 562 288 car.
587 221 757 292 70.-72.
885 223 955 316 175

91 393 258 466 composita
278 409 371 468 eoqna
398 395 461 466 plus
488 394 650 454 formidinis
673 396 841 456 adferebant
865 397 969 456 ialsae'

91 490 213 549 virtutes
233 499 264 550 et
289 492 363 550 vitia
387 492 521 550 reditura.
564 493 689 552 Marium
704 495 831 562 Celsum,
846 496 957 556 Consu·

90 590 152 646 lem
163 591 355 665 designatum,
378 609 429 664 per
452 591 581 663 speciem
597 593 787 660 vinculorum,
813 595 956 652 saeuitiae

91 688 214 746 militnm
228 692 417 754 subtractum,
429 689 521 747 acciri
540 690 571 747 in
596 691 766 764 capitolium
790 692 879 749 iubet.
900 695 958 752 cle·

90 787 216 844 mantiae
231 788 363 844 titulusa
387 787 452 844 viro
475 791 564 856 claro,
578 795 608 845 et
630 789 758 861 partibus
781 789 888 856 inviso,
911 807 958 863 pa-

89 886 209 942 tebatur.
251 886 364 953 celsus,
390 892 560 944 constanter
581 893 716 944 servatae
740 905 808 962 arga
831 887 958 946 Galbam

89 983 158 1042 fidei
184 983 296 1042 crimen
327 985 487 1051 consessus,
513 987 681 1058 exemplum
703 988 778 1044 ultro
803 986 956 1060 inputavit.

91 1081 156 1140 Nec
175 1083 264 1148 Otho,
300 1083 381 1157 quasi
414 1082 587 1157 ignosceret,
615 1085 676 1148 sed,
711 1101 748 1141 ne
779 1085 870 1142 hostis
899 1103 956 1144 ma·

90 1185 150 1238 tum
164 1180 413 1238 reconciliationis
436 1181 596 1250 adhiberet,
615 1182 712 1240 statim
736 1183 812 1240 ictcr
837 1184 956 1242 intimos

90 1279 198 1336 amicos
227 1280 350 1345 habuit,
366 1287 397 1335 et
424 1297 493 1336 mox
521 1281 599 1336 bello
621 1279 697 1337 inter
718 1282 817 1339 Duces
835 1283 955 1364 delegite

92 1378 253 1452 mansitque
268 1377 367 1444 Celso,
393 1380 473 1434 velut
497 1377 633 1446 fataliter,
654 1379 742 1436 etiarn
768 1397 817 1452 pro
838 1381 955 1438 Othone

90 1475 159 1532 fides
172 1475 288 1550 integra
310 1481 339 1531 et
361 1475 473 1532 infelix.
516 1478 609 1534 Laeta
634 1477 802 1549 primoribus
816 1479 956 1547 civitatis,

91 1576 237 1631 celebrata
251 1573 281 1630 in
298 1576 400 1648 vulgus
416 1573 496 1631 Celsi
509 1578 597 1640 salus,
619 1591 656 1632 ne
680 1575 818 1632 militibus
841 1578 957 1651 quidem

91 1672 203 1745 ingrata
237 1672 301 1740 tuit,
335 1673 458 1729 eundem
491 1673 627 1730 virtutem
660 1673 877 1740 admirantibus,
909 1672 957 1732 uui

90 1770 296 1831 irascebantur.
338 1771 395 1826 Par
408 1771 476 1828 inde
497 1772 654 1828 exsultatio
674 1771 834 1844 disparibus
848 1772 1012 1842 canusiam

92 1874 260 1935 consecuta,
288 1868 431 1940 inpetrata
459 1869 605 1942 Tigellini
635 1870 736 1927 exitio.
793 1872 956 1945 Sophonius

92 1968 269 2040 Tigellinus,
294 1967 423 2026 obscuris
451 1968 625 2039 parentibus,
647 1968 732 2026 foeda
760 1969 889 2042 parasitis,
914 1971 956 2028 in·

90 2066 196 2138 pudica
220 2070 351 2132 senecta,
372 2065 586 2126 Praefecturam
610 2066 730 2140 vigilum
757 2074 787 2124 ct
814 2067 957 2126 Praetorii

89 2172 119 2224 at
147 2166 206 2222 alia
222 2164 349 2238 praemia
375 2164 522 2232 virtutum,
545 2165 613 2239 quia
635 2165 764 2222 velocius
784 2172 845 2222 erat
867 2167 956 2235 vitiis,

90 2265 223 2337 adeptus,
237 2263 439 2320 crudelitatem
460 2280 538 2330 mox,
551 2263 658 2320 deinde
682 2264 835 2321 avaritiam
859 2269 889 2320 et
914 2265 955 2322 vi·

90 2363 159 2422 rilia
191 2363 302 2420 scelera
322 2361 462 2430 exercuit,
496 2369 637 2434 conrupta
662 2362 698 2418 ad
726 2377 812 2420 omne
844 2361 956 2418 lacinus

91 2463 229 2528 Neron03
250 2461 392 2535 quaedam
415 2459 516 2532 ignaro
539 2477 633 2523 ausus,
657 2477 693 2516 ac
718 2465 861 2532 postremo
884 2459 957 2518 eius·

88 2559 161 2646 dem
181 2561 311 2616 desertor
323 2574 359 2614 ac
386 2557 522 2630 proditor.
563 2558 651 2618 Vnda
673 2574 731 2614 non
755 2555 844 2614 alium
872 2559 957 2632 perti·

81 2764 85 2770 -
124 2733 261 2790 Exemplum
270 2733 465 2795 altroimputavit]
477 2731 492 2778 i.
508 2746 528 2778 e.
546 2732 580 2778 lta
594 2732 681 2778 loeutus
695 2735 737 2785 est,
753 2737 777 2775 ut
787 2732 957 2791 demonstraret,

93 2792 219 2852 exeruplunr
237 2793 287 2838 idei
304 2809 318 2838 a
335 2805 359 2838 re
373 2793 457 2838 editum
476 2797 563 2848 gratu·
582 2805 629 2836 esse
647 2789 732 2836 Othoni
749 2791 844 2836 debere:
871 2798 956 2839 tantum

91 2853 178 2900 abesse.
186 2859 210 2898 ut
221 2852 276 2898 iram
286 2851 333 2898 eius
343 2850 459 2896 monuerit:
470 2850 576 2895 interesse
585 2849 642 2894 eninr
651 2855 673 2893 et
685 2849 758 2908 ipsius,
767 2851 820 2896 tidor
828 2851 910 2898 amieos
919 2853 957 2898 ba-

92 2913 162 2963 bera;
180 2910 326 2970 talemquese
336 2909 358 2954 in
368 2909 415 2955 eius
429 2907 527 2954 amicitia
542 2908 645 2962 iuturusn,
656 2907 727 2974 (prelis
737 2907 758 2953 in
768 2907 863 2955 Galbam
873 2910 955 2956 irritant.

123 2987 193 3034 maa
208 2989 298 3044 integro
315 2992 334 3033 el
350 2987 445 3090 infelix&
476 2985 590 3034 audatius
607 2984 773 3041 corripitfslicr,
790 2986 841 3046 quia
856 2993 879 3033 et
894 2987 958 3034 avi-

91 3048 160 3094 tellio
177 3047 265 3093 veniam
285 3046 370 3106 aceepit
385 3053 408 3090 et
448 3047 573 3092 onsulaturn
591 3043 696 3096 servavit,
715 3055 739 3087 ua
756 3058 769 3089 e
786 3046 815 3098 ll,
831 3048 868 3100 bil,
886 3051 957 3107 patet.

92 3107 138 3154 aed
148 3106 239 3165 instita,
250 3106 309 3166 quod
325 3119 401 3150 ontrrea
416 3103 465 3150 libri
482 3104 572 3154 habent,
591 3103 682 3147 reseram
700 3102 748 3156 lrur,
764 3110 786 3148 ut
804 3104 960 3150 concrustatis

93 3165 175 3226 iniquis
194 3164 269 3217 inerit,
287 3164 382 3210 transire
407 3163 435 3208 ad
462 3163 527 3208 amici
552 3163 646 3215 hortem,
671 3160 794 3220 perdiderit
812 3163 914 3218 amicum,
934 3168 958 3208 et

93 3238 184 3288 sperare
193 3223 240 3270 aive
250 3223 350 3284 accipere
359 3229 447 3269 coaetus
457 3223 550 3270 salutem
560 3221 588 3265 ab
599 3221 668 3265 horte.

124 3302 264 3363 rigaltiana]
296 3303 369 3362 Saepe
388 3299 562 3346 memoratoria
584 3297 700 3344 Annalium
720 3295 788 3364 libris.
820 3297 883 3344 XlV.
902 3297 956 3344 XV.

94 3361 158 3415 XVl.
192 3361 254 3410 Vide
262 3375 291 3421 qu
322 3376 349 3405 ue
379 3373 421 3406 uae
435 3359 558 3420 Tigellinus
572 3362 675 3422 spectant
690 3356 713 3402 iu
727 3355 795 3402 Noto
809 3360 832 3400 et
848 3355 957 3402 Emenda-

94 3419 369 3474 tamnominati
394 3421 448 3468 .⁵l.
