2114 3830
81 139 214 188 cerr.
330 139 399 187 cus.
427 139 473 186 ιν.
524 140 601 185 ese.
629 119 763 184 nunt.
881 117 952 188 365

80 291 275 352 Centurionis
301 291 487 366 supplicium,
513 311 637 367 veraque
659 299 688 349 et
712 292 793 360 talea,
816 309 893 349 more
915 291 953 348 la·

76 409 155 456 mse,
177 393 210 448 in
233 391 326 448 melus
348 391 510 455 innotuere,
544 392 655 466 equites
686 391 715 448 in
738 369 841 449 necem
876 391 953 448 Piso·

77 491 127 547 nis
151 491 253 547 mittit.
311 490 361 546 llli
380 491 484 561 raptim
505 491 594 557 vecti,
613 493 735 547 obscuro
754 492 849 547 adhuc
869 508 954 562 coep·

74 593 126 645 tae
149 589 233 652 lucis,
264 589 382 644 domum
415 588 602 646 Proconsulis
630 589 806 662 inrumpunt,
836 588 954 645 destric-

76 687 118 744 tis
154 687 280 759 glarliis:
303 695 332 742 et
368 703 472 758 magna
505 705 570 758 pars
602 687 716 742 Pisonis
746 688 848 760 ignari,
879 688 955 761 quod

77 785 202 841 Poenos
221 784 380 840 auxiliares
403 785 576 858 Maurosque
601 785 723 842 ineam
745 787 955 843 caedemdele·

76 889 175 958 gerat.
198 883 274 938 baud
304 885 401 953 procul
430 885 575 948 cubiculo,
597 883 715 940 obvium
738 884 809 940 lorte
829 900 955 950 servum,

80 979 276 1058 perispsema
302 979 352 1036 cri
371 988 440 1037 esset
461 978 559 1037 Plan?
578 982 803 1056 interrogavere.
846 983 955 1038 Servus

78 1080 206 1154 egregio
234 1080 397 1146 mendacio,
417 1097 447 1136 se
474 1078 606 1162 Pisonem
633 1098 700 1146 esse,
722 1080 889 1153 respondit:
920 1096 955 1137 ac

78 1179 185 1236 statim
206 1181 402 1235 obtruncatur.
425 1196 480 1236 nec
502 1182 592 1235 mutto
606 1187 669 1251 post
694 1180 761 1236 Piso
777 1179 955 1238 interficitur.

77 1277 222 1351 Namque
254 1279 363 1342 aderat,
394 1278 443 1352 qui
478 1283 622 1343 nosceret,
658 1278 766 1334 Betrius
802 1279 908 1344 llllassa,
939 1296 956 1334 e

79 1376 328 1437 Procuratoribus
346 1375 474 1440 Africae,
489 1376 547 1432 iam
563 1383 631 1432 tune
646 1377 757 1449 optimo
777 1377 880 1451 cuique
895 1378 956 1434 exi·

80 1478 191 1538 tiusus,
213 1481 242 1530 et
265 1474 294 1530 in
323 1491 440 1530 caussas
468 1476 616 1540 malorum,
637 1493 710 1548 quae
742 1492 808 1530 mox
832 1474 956 1542 tulimus,

77 1575 202 1647 saepius
234 1573 384 1628 rediturus.
426 1573 531 1628 Festus
554 1574 722 1637 Adrumeto,
753 1571 800 1628 ubi
827 1575 960 1644 speculu-

79 1671 398 1736 bundus'substiterat,
412 1671 448 1726 erl
470 1671 616 1743 legionem
643 1670 803 1736 contendit,
826 1669 957 1727 Praefec-

79 1777 206 1843 tumque
240 1777 408 1833 castrorum,
449 1769 619 1826 Cetronlum
663 1767 809 1834 Pisanum,
851 1767 957 1825 vinciri

81 1869 182 1933 iussit,
204 1866 332 1940 proprias
354 1869 392 1923 ob
413 1867 596 1923 simultates:
618 1868 667 1922 sed
684 1865 799 1924 Pisonis
811 1865 959 1924 satellitem

82 1969 226 2031 vocabat,
247 1965 409 2037 militesque
429 1972 459 2021 et
481 1966 675 2023 Centuriones
695 1969 832 2040 quosdam
854 1967 957 2040 puniit,

84 2065 164 2122 alios
190 2064 325 2134 praemiis
345 2062 469 2119 adiecit:
505 2070 636 2120 neutrum
659 2083 696 2120 ex
722 2066 833 2127 merito,
854 2066 905 2119 sed
928 2068 958 2118 ut

86 2161 270 2233 oppressisse
286 2162 393 2216 bellum
404 2163 577 2216 crederetur.
621 2161 691 2217 lllox
704 2161 870 2223 Oeensium,
887 2163 959 2232 Lep-

86 2260 307 2331 titanorumque
348 2257 507 2313 discordias
546 2258 704 2328 componit,
749 2276 831 2330 qnae,
878 2263 981 2328 reptu‘

83 2357 202 2428 l'rugum
221 2363 251 2412 et
273 2373 410 2426 pecorum
438 2355 514 2412 inter
544 2363 681 2429 agrestes,
711 2347 832 2412 modieis
856 2355 959 2427 prinei·

85 2455 158 2530 piis,
179 2453 237 2510 iam
259 2471 399 2526 perarma
421 2461 507 2526 atque
529 2454 607 2510 acies
622 2455 840 2511 exercebantur.
883 2455 959 2511 Nem

87 2554 215 2627 populus
259 2551 608 2630 Oeensismnttitudine
642 2552 768 2615 interior,
802 2553 960 2610 Garaman-

90 2656 137 2708 tas
169 2648 334 2715 exciverat,
363 2657 480 2723 gentem
510 2651 678 2706 indomitam
700 2658 728 2706 et
749 2651 824 2706 inter
844 2653 960 2708 adcolas

92 2747 259 2807 latrociniis
280 2749 445 2805 secundam.
487 2749 575 2804 Vnde
595 2757 692 2804 arctae
717 2749 881 2821 Leptitanis
909 2769 962 2819 res,

89 2849 212 2920 lateque
237 2847 358 2902 vastatis
379 2847 453 2919 agris
474 2847 548 2903 intra
565 2847 678 2903 moenia
693 2848 892 2919 trepidabant:
914 2852 962 2907 do·

92 2962 162 3008 nec,
189 2944 357 3000 interventu
391 2946 552 3000 cohortium
584 2947 758 3020 alarumque,
788 2947 841 3005 l'uai
873 2950 963 3006 Gara·

93 3050 209 3100 mantes
229 3048 258 3098 et
281 3050 397 3114 recepta
417 3043 511 3099 omnis
527 3045 643 3115 praeda,
660 3045 715 3101 nisi
730 3064 815 3118 quam
831 3050 896 3120 vagi
913 3066 963 3120 per

94 3141 252 3198 inaccessa
278 3139 435 3212 mapalium
464 3141 644 3199 ulterioribus
674 3144 875 3200 vendiderant.
920 3149 1010 3210 Ater

92 3294 171 3404 ἓίοίιὲ
177 3299 202 3402 rit
215 3293 349 3398 giselpert,
359 3294 547 3356 prosequentium.
580 3295 688 3343 Tirenum
698 3293 875 3342 ansericum.
902 3296 962 3348 m.

123 3389 129 3400 .
197 3384 204 3410 ,
246 3385 252 3399 .
