2100 3834
20 78 22 117 l

19 128 21 194 i
102 155 174 224 312
294 199 299 208 ·
402 177 657 229 arsroaraaru
734 177 739 184 ·
822 183 851 230 ι.
867 179 900 228 v:
913 176 964 230 aaa.

15 359 16 362 ¹
99 330 134 388 lii
154 329 247 388 aditus
261 329 414 402 invadunt,
434 333 516 392 iuxta
536 336 631 392 lucum
658 333 744 408 asyli,
766 338 796 392 et
822 351 877 408 qua
893 335 964 391 'Par-

98 431 166 506 peia
187 438 402 506 rupesceatum
416 434 550 508 gradibus
579 434 683 491 aditur.
725 433 965 508 lnprovisaulra·

99 548 155 604 que
171 530 233 600 vis3
254 531 367 604 propior
386 539 472 607 alque
486 533 581 590 acrior
604 551 655 605 per
675 536 790 606 asylum
803 533 963 606 ingruebat.

10 698 11 701 Ἴ
99 647 157 686 nec
171 630 234 687 sisti
247 637 378 704 poterant
393 633 567 688 scandentes
578 649 630 704 per
640 633 800 688 coniuncta
812 629 962 688 aedilicia:

99 747 183 804 quoe,
199 735 228 786 ut
252 730 283 788 in
299 731 388 787 multa
403 747 484 802 paee,
513 731 542 788 iu
557 732 647 788 altum
674 731 766 798 edila,
779 733 874 787 solum
889 730 963 803 capi·

99 828 162 886 lolii
176 831 347 903 aequabant.
390 830 448 887 Hic
463 829 625 902 ambigitur,
646 829 745 903 iguem
760 830 847 886 lectis
861 846 962 902 oppug-

98 933 214 986 natores
241 928 406 996 iniecerint,
426 947 464 986 an
491 929 611 994 obsessi,
631 947 705 1002 quae
738 929 868 985 crebrior
891 928 963 984 lama

97 1033 151 1091 est,
172 1045 228 1100 quo
256 1028 383 1084 nitentes
403 1045 438 1086 ac
467 1045 630 1101 progressos
657 1029 851 1099 depellerent.
894 1027 963 1084 lude

96 1127 193 1198 lapsus
208 1125 283 1198 ignis
303 1126 334 1182 io
349 1127 476 1200 porticus
502 1127 649 1200 adpositas
664 1128 801 1182 aedibus:
826 1145 894 1183 mox
910 1143 963 1184 aus·

97 1223 223 1280 lineales
251 1225 396 1298 fastigium
430 1227 556 1301 Aquilae
583 1232 683 1282 velere
706 1227 787 1300 ligno
815 1231 963 1282 traxerunt

95 1321 451 1399 flammamatueruntque.
495 1325 547 1384 Sic
572 1325 751 1398 capitolium,
767 1325 875 1382 clausis
903 1325 964 1382 roa.

45 1413 159 1488 Ubus,
192 1421 373 1480 indefensum
398 1431 427 1480 et
455 1425 640 1498 indireptum,
673 1425 879 1498 conflagravit.
929 1425 962 1481 ld

96 1522 208 1580 lacinus
222 1530 286 1596 post
300 1523 449 1580 conditam
463 1526 563 1581 urbem
577 1523 823 1580 luctuosissimum
838 1523 966 1580 foedissi-

95 1639 231 1698 mumque
264 1623 454 1695 Reipublicae
487 1623 592 1695 Populi
620 1623 704 1679 Rom.
734 1623 862 1679 accidit:
887 1625 964 1679 nullo

96 1730 221 1780 externo
243 1724 335 1788 hoste,
357 1722 496 1796 propitiis,
517 1723 542 1778 si
570 1740 620 1794 per
647 1740 740 1778 mores
762 1729 876 1778 nostros
898 1722 964 1778 liee-

96 1829 151 1884 ret,
175 1821 258 1884 Deis,
279 1824 379 1878 sedem
404 1821 485 1879 lovis
511 1821 546 1878 0.
569 1821 612 1877 M.
640 1821 830 1894 auspicatae
856 1819 966 1878 maiori·

94 1922 156 1980 bus.
178 1920 280 1994 pignus
308 1920 437 1994 Imperii,
457 1920 616 1987 conditam,
639 1937 725 1994 quam
754 1937 813 1977 uon
836 1921 963 1976 Porsena

94 2020 194 2078 dedita
215 2021 294 2086 urbe,
313 2037 408 2094 oeque
423 2020 504 2078 Galli
519 2025 613 2092 capta,
634 2023 775 2076 temerare
790 2020 963 2091 potuissent,

94 2121 186 2178 lurore
199 2117 366 2192 Principum
377 2119 511 2176 exscindi
523 2123 530 2174 t
545 2120 664 2176 Arserat
672 2124 702 2174 et
713 2126 782 2174 ante
792 2120 962 2192 capitolium

94 2219 181 2278 civili
194 2221 279 2286 bello,
288 2220 338 2276 red
352 2219 451 2275 fraude
460 2218 572 2291 privata
585 2237 594 2287 ς
607 2235 684 2274 nune
698 2219 794 2290 patara
803 2217 962 2284 obsessuro,

95 2323 191 2394 palam
205 2319 367 2378 incensum.
387 2319 489 2392 quibus
509 2334 652 2374 armorum
666 2314 801 2374 caussis?
831 2335 889 2392 quo
904 2323 964 2374 tau·

94 2433 143 2478 rae
154 2419 246 2478 eladis
262 2418 444 2492 preliostetil
455 2414 467 2474 l
477 2435 527 2490 pro
542 2416 633 2490 patria
646 2415 842 2474 bellavimus?
864 2417 962 2474 Vove-

94 2525 138 2578 rat
153 2519 330 2592 Tarquinius
340 2516 457 2574 Priscus
472 2517 547 2586 lter,
559 2517 636 2574 bello
654 2515 773 2580 Sabino,
797 2515 962 2590 ieceratque

93 2618 293 2684 fundamenta,
313 2635 364 2689 spe
392 2617 484 2689 magis
511 2615 623 2672 suturae
638 2615 857 2689 magnitudinis,
878 2632 961 2691 quam

93 2735 150 2792 quo
164 2717 297 2773 modicae
311 2717 406 2772 adhuc
434 2716 538 2787 Populi
569 2714 693 2772 Romani
719 2732 764 2770 res
785 2716 961 2772 sufficerent.

94 2834 163 2874 mox
179 2815 301 2873 Servius
318 2815 443 2880 Tullius,
458 2814 600 2872 sociorum
627 2814 741 2882 studio;
762 2814 872 2870 deinde
888 2815 962 2872 Tar·

93 2915 208 2990 quinius
238 2916 392 2986 Superbus,
426 2919 513 2986 capta
538 2915 645 2972 Suessa
671 2912 814 2979 Pometia,
836 2911 962 2970 lroslium

92 3015 193 3087 spoliis
207 3020 387 3070 exstruxere.
430 3015 490 3070 Sed
503 3015 595 3087 gloria
618 3013 714 3086 operis
728 3013 858 3070 libertati
872 3031 961 3070 reser-

92 3119 170 3172 vata.
202 3113 290 3186 pulsis
328 3111 465 3184 Regibus,
504 3113 640 3170 Horatius
675 3113 828 3180 Pulvillus,
860 3113 963 3170 iterum

93 3213 213 3276 Consul,
247 3207 406 3272 dedicavit,
433 3227 469 3265 ea
493 3211 721 3284 magnificentia,
741 3229 825 3286 quarn
850 3213 964 3270 iumen·

91 3327 142 3366 sae
157 3316 256 3378 postea
271 3305 375 3376 Populi
391 3307 516 3364 Romani
530 3327 600 3381 opes
610 3318 747 3370 ornarent
759 3313 863 3384 potius,
877 3331 964 3388 quarn

92 3410 240 3477 augerent.
282 3403 389 3460 lisdem
415 3420 507 3460 rursus
534 3407 668 3483 vestigiis
693 3411 780 3470 situm
808 3418 863 3480 est,
888 3419 965 3487 post·-
