<?xml version="1.0" encoding="UTF-8"?>
<!DOCTYPE html PUBLIC "-//W3C//DTD XHTML 1.0 Transitional//EN"
    "http://www.w3.org/TR/xhtml1/DTD/xhtml1-transitional.dtd">
<html xmlns="http://www.w3.org/1999/xhtml" xml:lang="en" lang="en">
 <head>
  <title>
</title>
<meta http-equiv="Content-Type" content="text/html;charset=utf-8" />
  <meta name='ocr-system' content='tesseract 3.04.00' />
  <meta name='ocr-capabilities' content='ocr_page ocr_carea ocr_par ocr_line ocrx_word'/>
</head>
<body>
  <div class='ocr_page' id='page_1' title='image "./operaexrecensio02tacigoog_0154.png"; bbox 0 0 2100 3816; ppageno 0'>
   <div class='ocr_carea' id='block_1_1' title="bbox 93 198 935 272">
    <p class='ocr_par' dir='ltr' id='par_1_1' title="bbox 93 198 935 272">
     <span class='ocr_line' id='line_1_1' title="bbox 93 198 935 272; baseline 0.007 -8"><span class='ocrx_word' id='word_1_1' title='bbox 93 215 206 266; x_wconf 67' lang='lat' dir='ltr'><strong>earo.</strong></span> <span class='ocrx_word' id='word_1_2' title='bbox 300 215 372 264; x_wconf 83' lang='lat' dir='ltr'><strong>nra.</strong></span> <span class='ocrx_word' id='word_1_3' title='bbox 397 219 420 264; x_wconf 90' lang='lat' dir='ltr'><strong>r.</strong></span> <span class='ocrx_word' id='word_1_4' title='bbox 471 217 551 266; x_wconf 79' lang='lat' dir='ltr'><strong>cae.</strong></span> <span class='ocrx_word' id='word_1_5' title='bbox 580 198 749 268; x_wconf 82' lang='lat'>17.-19.</span> <span class='ocrx_word' id='word_1_6' title='bbox 868 205 935 272; x_wconf 79' lang='lat'><strong>141</strong></span> 
     </span>
    </p>
   </div>
   <div class='ocr_carea' id='block_1_2' title="bbox 74 371 993 3503">
    <p class='ocr_par' dir='ltr' id='par_1_2' title="bbox 74 371 993 3503">
     <span class='ocr_line' id='line_1_2' title="bbox 94 371 942 446; baseline 0.012 -20"><span class='ocrx_word' id='word_1_7' title='bbox 94 372 213 429; x_wconf 84' lang='lat' dir='ltr'><strong>‘ambitu</strong></span> <span class='ocrx_word' id='word_1_8' title='bbox 240 373 317 430; x_wconf 86' lang='lat' dir='ltr'><strong>male</strong></span> <span class='ocrx_word' id='word_1_9' title='bbox 344 371 466 446; x_wconf 87' lang='lat' dir='ltr'><strong>adquiri,</strong></span> <span class='ocrx_word' id='word_1_10' title='bbox 491 372 533 430; x_wconf 87' lang='lat' dir='ltr'><strong>ila</strong></span> <span class='ocrx_word' id='word_1_11' title='bbox 560 390 612 446; x_wconf 91' lang='lat' dir='ltr'><strong>per</strong></span> <span class='ocrx_word' id='word_1_12' title='bbox 651 375 740 433; x_wconf 86' lang='lat' dir='ltr'><strong>bonas</strong></span> <span class='ocrx_word' id='word_1_13' title='bbox 763 380 839 434; x_wconf 86' lang='lat' dir='ltr'><strong>artes</strong></span> <span class='ocrx_word' id='word_1_14' title='bbox 865 376 942 436; x_wconf 83' lang='lat' dir='ltr'><strong>baud</strong></span> 
     </span>
     <span class='ocr_line' id='line_1_3' title="bbox 80 469 942 548; baseline 0.009 -22"><span class='ocrx_word' id='word_1_15' title='bbox 80 469 308 548; x_wconf 24' lang='lat' dir='ltr'><strong>N‘apernendum?</strong></span> <span class='ocrx_word' id='word_1_16' title='bbox 362 471 601 530; x_wconf 76' lang='lat' dir='ltr'><strong>circumsteterat</strong></span> <span class='ocrx_word' id='word_1_17' title='bbox 640 473 758 532; x_wconf 88' lang='lat' dir='ltr'><strong>interim</strong></span> <span class='ocrx_word' id='word_1_18' title='bbox 802 476 942 548; x_wconf 87' lang='lat' dir='ltr'><strong>palatium</strong></span> 
     </span>
     <span class='ocr_line' id='line_1_4' title="bbox 92 567 940 646; baseline 0.005 -20"><span class='ocrx_word' id='word_1_19' title='bbox 92 567 197 641; x_wconf 88' lang='lat' dir='ltr'><strong>publica</strong></span> <span class='ocrx_word' id='word_1_20' title='bbox 240 570 432 641; x_wconf 76' lang='lat' dir='ltr'><strong>exspectatio,</strong></span> <span class='ocrx_word' id='word_1_21' title='bbox 481 571 577 646; x_wconf 88' lang='lat' dir='ltr'><strong>magni</strong></span> <span class='ocrx_word' id='word_1_22' title='bbox 623 571 729 630; x_wconf 82' lang='lat' dir='ltr'><strong>secreti</strong></span> <span class='ocrx_word' id='word_1_23' title='bbox 775 571 940 645; x_wconf 80' lang='lat' dir='ltr'><strong>inpatiens:</strong></span> 
     </span>
     <span class='ocr_line' id='line_1_5' title="bbox 91 668 941 743; baseline 0.001 -18"><span class='ocrx_word' id='word_1_24' title='bbox 91 675 116 726; x_wconf 92' lang='lat' dir='ltr'><strong>el</strong></span> <span class='ocrx_word' id='word_1_25' title='bbox 141 670 212 726; x_wconf 87' lang='lat' dir='ltr'><strong>male</strong></span> <span class='ocrx_word' id='word_1_26' title='bbox 237 668 397 726; x_wconf 78' lang='lat' dir='ltr'><strong>coercitam</strong></span> <span class='ocrx_word' id='word_1_27' title='bbox 419 668 525 726; x_wconf 86' lang='lat' dir='ltr'><strong>lamam</strong></span> <span class='ocrx_word' id='word_1_28' title='bbox 550 669 761 743; x_wconf 89' lang='lat' dir='ltr'><strong>supprimentes</strong></span> <span class='ocrx_word' id='word_1_29' title='bbox 788 673 941 743; x_wconf 77' lang='lat' dir='ltr'><strong>augebant.</strong></span> 
     </span>
     <span class='ocr_line' id='line_1_6' title="bbox 93 765 993 839; baseline 0.008 -17"><span class='ocrx_word' id='word_1_30' title='bbox 93 767 220 839; x_wconf 75' lang='lat' dir='ltr'><strong>Quartum</strong></span> <span class='ocrx_word' id='word_1_31' title='bbox 234 768 303 824; x_wconf 89' lang='lat' dir='ltr'><strong>ldus</strong></span> <span class='ocrx_word' id='word_1_32' title='bbox 319 767 476 834; x_wconf 85' lang='lat' dir='ltr'><strong>lanuarias,</strong></span> <span class='ocrx_word' id='word_1_33' title='bbox 490 768 603 826; x_wconf 89' lang='lat' dir='ltr'><strong>loedum</strong></span> <span class='ocrx_word' id='word_1_34' title='bbox 617 769 755 828; x_wconf 83' lang='lat' dir='ltr'><strong>imbribus</strong></span> <span class='ocrx_word' id='word_1_35' title='bbox 768 769 855 832; x_wconf 84' lang='lat' dir='ltr'><strong>diem,</strong></span> <span class='ocrx_word' id='word_1_36' title='bbox 870 771 942 828; x_wconf 91' lang='lat' dir='ltr'><strong>loni·</strong></span> <span class='ocrx_word' id='word_1_37' title='bbox 957 765 993 822; x_wconf 74' lang='lat'><strong>¹⁸</strong></span> 
     </span>
     <span class='ocr_line' id='line_1_7' title="bbox 93 865 944 940; baseline 0.006 -18"><span class='ocrx_word' id='word_1_38' title='bbox 93 870 147 923; x_wconf 82' lang='lat' dir='ltr'><strong>tura</strong></span> <span class='ocrx_word' id='word_1_39' title='bbox 166 872 194 922; x_wconf 86' lang='lat' dir='ltr'><strong>et</strong></span> <span class='ocrx_word' id='word_1_40' title='bbox 207 865 318 940; x_wconf 75' lang='lat' dir='ltr'><strong>fulgura</strong></span> <span class='ocrx_word' id='word_1_41' title='bbox 331 871 362 922; x_wconf 90' lang='lat' dir='ltr'><strong>et</strong></span> <span class='ocrx_word' id='word_1_42' title='bbox 386 867 529 924; x_wconf 84' lang='lat' dir='ltr'><strong>caelestes</strong></span> <span class='ocrx_word' id='word_1_43' title='bbox 548 868 645 926; x_wconf 89' lang='lat' dir='ltr'><strong>minae</strong></span> <span class='ocrx_word' id='word_1_44' title='bbox 665 870 740 926; x_wconf 90' lang='lat' dir='ltr'><strong>nllrs</strong></span> <span class='ocrx_word' id='word_1_45' title='bbox 757 869 874 927; x_wconf 80' lang='lat' dir='ltr'><strong>solitum</strong></span> <span class='ocrx_word' id='word_1_46' title='bbox 888 875 944 928; x_wconf 93' lang='lat' dir='ltr'><strong>tur·</strong></span> 
     </span>
     <span class='ocr_line' id='line_1_8' title="bbox 92 963 943 1040; baseline 0.007 -20"><span class='ocrx_word' id='word_1_47' title='bbox 92 964 229 1022; x_wconf 79' lang='lat' dir='ltr'><strong>bareraot</strong></span> <span class='ocrx_word' id='word_1_48' title='bbox 281 964 473 1022; x_wconf 70' lang='lat' dir='ltr'><strong>Observatum</strong></span> <span class='ocrx_word' id='word_1_49' title='bbox 496 963 527 1021; x_wconf 89' lang='lat' dir='ltr'><strong>id</strong></span> <span class='ocrx_word' id='word_1_50' title='bbox 547 965 704 1040; x_wconf 88' lang='lat' dir='ltr'><strong>antiquitus</strong></span> <span class='ocrx_word' id='word_1_51' title='bbox 727 968 855 1026; x_wconf 84' lang='lat' dir='ltr'><strong>comitiis</strong></span> <span class='ocrx_word' id='word_1_52' title='bbox 875 967 943 1026; x_wconf 91' lang='lat' dir='ltr'><strong>diri·</strong></span> 
     </span>
     <span class='ocr_line' id='line_1_9' title="bbox 92 1061 943 1139; baseline 0.007 -19"><span class='ocrx_word' id='word_1_53' title='bbox 92 1062 193 1120; x_wconf 88' lang='lat' dir='ltr'><strong>neodis</strong></span> <span class='ocrx_word' id='word_1_54' title='bbox 212 1079 271 1120; x_wconf 90' lang='lat' dir='ltr'><strong>non</strong></span> <span class='ocrx_word' id='word_1_55' title='bbox 300 1061 400 1118; x_wconf 87' lang='lat' dir='ltr'><strong>termit</strong></span> <span class='ocrx_word' id='word_1_56' title='bbox 427 1063 562 1130; x_wconf 79' lang='lat' dir='ltr'><strong>Galbam,</strong></span> <span class='ocrx_word' id='word_1_57' title='bbox 589 1081 646 1139; x_wconf 90' lang='lat' dir='ltr'><strong>quo</strong></span> <span class='ocrx_word' id='word_1_58' title='bbox 673 1065 767 1124; x_wconf 89' lang='lat' dir='ltr'><strong>minus</strong></span> <span class='ocrx_word' id='word_1_59' title='bbox 793 1065 823 1124; x_wconf 92' lang='lat' dir='ltr'><strong>in</strong></span> <span class='ocrx_word' id='word_1_60' title='bbox 847 1071 943 1126; x_wconf 81' lang='lat' dir='ltr'><strong>eastra</strong></span> 
     </span>
     <span class='ocr_line' id='line_1_10' title="bbox 91 1162 940 1238; baseline 0.008 -21"><span class='ocrx_word' id='word_1_61' title='bbox 91 1167 219 1235; x_wconf 85' lang='lat' dir='ltr'><strong>pergeret,</strong></span> <span class='ocrx_word' id='word_1_62' title='bbox 252 1166 484 1231; x_wconf 86' lang='lat' dir='ltr'><strong>contemptorem</strong></span> <span class='ocrx_word' id='word_1_63' title='bbox 522 1162 633 1230; x_wconf 88' lang='lat' dir='ltr'><strong>talium,</strong></span> <span class='ocrx_word' id='word_1_64' title='bbox 676 1168 707 1220; x_wconf 93' lang='lat' dir='ltr'><strong>ul</strong></span> <span class='ocrx_word' id='word_1_65' title='bbox 746 1164 940 1238; x_wconf 70' lang='lat' dir='ltr'><strong>lorluilorumr</strong></span> 
     </span>
     <span class='ocr_line' id='line_1_11' title="bbox 90 1259 940 1336; baseline 0.009 -20"><span class='ocrx_word' id='word_1_66' title='bbox 90 1277 142 1324; x_wconf 86' lang='lat' dir='ltr'><strong>seu,</strong></span> <span class='ocrx_word' id='word_1_67' title='bbox 171 1276 243 1334; x_wconf 88' lang='lat' dir='ltr'><strong>quae</strong></span> <span class='ocrx_word' id='word_1_68' title='bbox 271 1259 331 1316; x_wconf 83' lang='lat' dir='ltr'><strong>lato</strong></span> <span class='ocrx_word' id='word_1_69' title='bbox 358 1265 486 1327; x_wconf 86' lang='lat' dir='ltr'><strong>manent,</strong></span> <span class='ocrx_word' id='word_1_70' title='bbox 518 1261 650 1334; x_wconf 84' lang='lat' dir='ltr'><strong>quamvis</strong></span> <span class='ocrx_word' id='word_1_71' title='bbox 679 1262 851 1336; x_wconf 81' lang='lat' dir='ltr'><strong>significata,</strong></span> <span class='ocrx_word' id='word_1_72' title='bbox 881 1281 940 1324; x_wconf 86' lang='lat' dir='ltr'><strong>non</strong></span> 
     </span>
     <span class='ocr_line' id='line_1_12' title="bbox 89 1357 940 1432; baseline 0.009 -18"><span class='ocrx_word' id='word_1_73' title='bbox 89 1358 215 1416; x_wconf 81' lang='lat' dir='ltr'><strong>vitantur.</strong></span> <span class='ocrx_word' id='word_1_74' title='bbox 257 1359 345 1430; x_wconf 83' lang='lat' dir='ltr'><strong>Apud</strong></span> <span class='ocrx_word' id='word_1_75' title='bbox 359 1357 538 1432; x_wconf 76' lang='lat' dir='ltr'><strong>frequentem</strong></span> <span class='ocrx_word' id='word_1_76' title='bbox 551 1359 674 1418; x_wconf 88' lang='lat' dir='ltr'><strong>militnm</strong></span> <span class='ocrx_word' id='word_1_77' title='bbox 686 1362 868 1430; x_wconf 84' lang='lat' dir='ltr'><strong>concionem,</strong></span> <span class='ocrx_word' id='word_1_78' title='bbox 883 1363 940 1422; x_wconf 87' lang='lat' dir='ltr'><strong>lm·</strong></span> 
     </span>
     <span class='ocr_line' id='line_1_13' title="bbox 89 1457 938 1530; baseline 0.005 -16"><span class='ocrx_word' id='word_1_79' title='bbox 89 1457 218 1529; x_wconf 83' lang='lat' dir='ltr'><strong>paratoria</strong></span> <span class='ocrx_word' id='word_1_80' title='bbox 245 1457 399 1523; x_wconf 84' lang='lat' dir='ltr'><strong>brevitate,</strong></span> <span class='ocrx_word' id='word_1_81' title='bbox 423 1457 553 1530; x_wconf 89' lang='lat' dir='ltr'><strong>adoptari</strong></span> <span class='ocrx_word' id='word_1_82' title='bbox 584 1475 602 1514; x_wconf 92' lang='lat' dir='ltr'><strong>a</strong></span> <span class='ocrx_word' id='word_1_83' title='bbox 628 1475 660 1514; x_wconf 88' lang='lat' dir='ltr'><strong>ae</strong></span> <span class='ocrx_word' id='word_1_84' title='bbox 688 1457 834 1527; x_wconf 80' lang='lat' dir='ltr'><strong>Pisonem,</strong></span> <span class='ocrx_word' id='word_1_85' title='bbox 860 1477 938 1518; x_wconf 89' lang='lat' dir='ltr'><strong>mora</strong></span> 
     </span>
     <span class='ocr_line' id='line_1_14' title="bbox 89 1554 939 1632; baseline 0.004 -21"><span class='ocrx_word' id='word_1_86' title='bbox 89 1554 123 1611; x_wconf 86' lang='lat' dir='ltr'><strong>ll.</strong></span> <span class='ocrx_word' id='word_1_87' title='bbox 139 1554 259 1630; x_wconf 81' lang='lat' dir='ltr'><strong>Augusti</strong></span> <span class='ocrx_word' id='word_1_88' title='bbox 273 1559 302 1611; x_wconf 90' lang='lat' dir='ltr'><strong>et</strong></span> <span class='ocrx_word' id='word_1_89' title='bbox 322 1557 458 1626; x_wconf 78' lang='lat' dir='ltr'><strong>exemplo</strong></span> <span class='ocrx_word' id='word_1_90' title='bbox 472 1555 668 1631; x_wconf 72' lang='lat' dir='ltr'><strong>militarique</strong></span> <span class='ocrx_word' id='word_1_91' title='bbox 689 1556 734 1614; x_wconf 84' lang='lat' dir='ltr'><strong>vir</strong></span> <span class='ocrx_word' id='word_1_92' title='bbox 749 1557 842 1614; x_wconf 87' lang='lat' dir='ltr'><strong>virum</strong></span> <span class='ocrx_word' id='word_1_93' title='bbox 864 1560 939 1632; x_wconf 69' lang='lat' dir='ltr'><strong>lege</strong></span> 
     </span>
     <span class='ocr_line' id='line_1_15' title="bbox 89 1652 939 1738; baseline 0.006 -29"><span class='ocrx_word' id='word_1_94' title='bbox 89 1657 133 1718; x_wconf 89' lang='lat' dir='ltr'><strong>rel,</strong></span> <span class='ocrx_word' id='word_1_95' title='bbox 146 1652 318 1726; x_wconf 81' lang='lat' dir='ltr'><strong>pronuntiat.</strong></span> <span class='ocrx_word' id='word_1_96' title='bbox 360 1654 407 1710; x_wconf 80' lang='lat' dir='ltr'><strong>Ao</strong></span> <span class='ocrx_word' id='word_1_97' title='bbox 422 1671 459 1710; x_wconf 84' lang='lat' dir='ltr'><strong>ne</strong></span> <span class='ocrx_word' id='word_1_98' title='bbox 477 1653 657 1738; x_wconf 76' lang='lat' dir='ltr'><strong>dissimulata</strong></span> <span class='ocrx_word' id='word_1_99' title='bbox 669 1653 775 1712; x_wconf 85' lang='lat' dir='ltr'><strong>seditio</strong></span> <span class='ocrx_word' id='word_1_100' title='bbox 796 1654 827 1712; x_wconf 92' lang='lat' dir='ltr'><strong>in</strong></span> <span class='ocrx_word' id='word_1_101' title='bbox 848 1655 939 1714; x_wconf 82' lang='lat' dir='ltr'><strong>maius</strong></span> 
     </span>
     <span class='ocr_line' id='line_1_16' title="bbox 88 1745 937 1826; baseline 0.005 -18"><span class='ocrx_word' id='word_1_102' title='bbox 88 1753 250 1817; x_wconf 64' lang='lat' dir='ltr'><strong>emularetur,</strong></span> <span class='ocrx_word' id='word_1_103' title='bbox 274 1753 349 1808; x_wconf 88' lang='lat' dir='ltr'><strong>ultro</strong></span> <span class='ocrx_word' id='word_1_104' title='bbox 367 1745 530 1818; x_wconf 77' lang='lat' dir='ltr'><strong>adsereret,</strong></span> <span class='ocrx_word' id='word_1_105' title='bbox 544 1758 691 1826; x_wconf 87' lang='lat' dir='ltr'><strong>‘quartam</strong></span> <span class='ocrx_word' id='word_1_106' title='bbox 712 1759 740 1810; x_wconf 90' lang='lat' dir='ltr'><strong>sl</strong></span> <span class='ocrx_word' id='word_1_107' title='bbox 762 1754 937 1812; x_wconf 82' lang='lat' dir='ltr'><strong>duodevice·</strong></span> 
     </span>
     <span class='ocr_line' id='line_1_17' title="bbox 87 1821 936 1925; baseline 0.008 -18"><span class='ocrx_word' id='word_1_108' title='bbox 87 1849 197 1908; x_wconf 85' lang='lat' dir='ltr'><strong>‘simam</strong></span> <span class='ocrx_word' id='word_1_109' title='bbox 220 1849 360 1924; x_wconf 80' lang='lat' dir='ltr'><strong>legiones,</strong></span> <span class='ocrx_word' id='word_1_110' title='bbox 383 1852 482 1924; x_wconf 88' lang='lat' dir='ltr'><strong>paucis</strong></span> <span class='ocrx_word' id='word_1_111' title='bbox 505 1851 656 1908; x_wconf 84' lang='lat' dir='ltr'><strong>seditionis</strong></span> <span class='ocrx_word' id='word_1_112' title='bbox 679 1821 854 1925; x_wconf 72' lang='lat' dir='ltr'><strong>austerioris,</strong></span> <span class='ocrx_word' id='word_1_113' title='bbox 878 1871 936 1914; x_wconf 91' lang='lat' dir='ltr'><strong>non</strong></span> 
     </span>
     <span class='ocr_line' id='line_1_18' title="bbox 86 1950 937 2016; baseline 0.012 -12"><span class='ocrx_word' id='word_1_114' title='bbox 86 1950 169 2006; x_wconf 87' lang='lat' dir='ltr'><strong>‘ullra</strong></span> <span class='ocrx_word' id='word_1_115' title='bbox 196 1950 287 2005; x_wconf 84' lang='lat' dir='ltr'><strong>verba</strong></span> <span class='ocrx_word' id='word_1_116' title='bbox 313 1965 349 2004; x_wconf 89' lang='lat' dir='ltr'><strong>ac</strong></span> <span class='ocrx_word' id='word_1_117' title='bbox 370 1965 459 2006; x_wconf 83' lang='lat' dir='ltr'><strong>voces</strong></span> <span class='ocrx_word' id='word_1_118' title='bbox 480 1967 600 2016; x_wconf 84' lang='lat' dir='ltr'><strong>errasse,</strong></span> <span class='ocrx_word' id='word_1_119' title='bbox 621 1957 651 2008; x_wconf 88' lang='lat' dir='ltr'><strong>et</strong></span> <span class='ocrx_word' id='word_1_120' title='bbox 679 1953 761 2010; x_wconf 83' lang='lat' dir='ltr'><strong>brevi</strong></span> <span class='ocrx_word' id='word_1_121' title='bbox 785 1953 816 2012; x_wconf 87' lang='lat' dir='ltr'><strong>in</strong></span> <span class='ocrx_word' id='word_1_122' title='bbox 839 1955 937 2014; x_wconf 81' lang='lat' dir='ltr'><strong>obicio</strong></span> 
     </span>
     <span class='ocr_line' id='line_1_19' title="bbox 84 2048 937 2112; baseline 0.011 -8"><span class='ocrx_word' id='word_1_123' title='bbox 84 2048 174 2106; x_wconf 79' lang='lat' dir='ltr'><strong>‘lora’</strong></span> <span class='ocrx_word' id='word_1_124' title='bbox 216 2049 281 2106; x_wconf 87' lang='lat' dir='ltr'><strong>Nec</strong></span> <span class='ocrx_word' id='word_1_125' title='bbox 296 2050 384 2106; x_wconf 89' lang='lat' dir='ltr'><strong>ullum</strong></span> <span class='ocrx_word' id='word_1_126' title='bbox 398 2049 522 2106; x_wconf 89' lang='lat' dir='ltr'><strong>orationi</strong></span> <span class='ocrx_word' id='word_1_127' title='bbox 536 2055 585 2106; x_wconf 92' lang='lat' dir='ltr'><strong>aut</strong></span> <span class='ocrx_word' id='word_1_128' title='bbox 604 2051 779 2110; x_wconf 82' lang='lat' dir='ltr'><strong>lenocinium</strong></span> <span class='ocrx_word' id='word_1_129' title='bbox 793 2054 874 2112; x_wconf 80' lang='lat' dir='ltr'><strong>addit</strong></span> <span class='ocrx_word' id='word_1_130' title='bbox 886 2059 937 2112; x_wconf 87' lang='lat' dir='ltr'><strong>aut</strong></span> 
     </span>
     <span class='ocr_line' id='line_1_20' title="bbox 82 2146 937 2225; baseline 0.008 -22"><span class='ocrx_word' id='word_1_131' title='bbox 82 2147 206 2220; x_wconf 90' lang='lat' dir='ltr'><strong>pretinm.</strong></span> <span class='ocrx_word' id='word_1_132' title='bbox 249 2146 375 2204; x_wconf 80' lang='lat' dir='ltr'><strong>Tribuni</strong></span> <span class='ocrx_word' id='word_1_133' title='bbox 399 2154 496 2204; x_wconf 87' lang='lat' dir='ltr'><strong>tamen</strong></span> <span class='ocrx_word' id='word_1_134' title='bbox 519 2149 766 2225; x_wconf 79' lang='lat' dir='ltr'><strong>centurionesque</strong></span> <span class='ocrx_word' id='word_1_135' title='bbox 785 2157 815 2209; x_wconf 92' lang='lat' dir='ltr'><strong>el</strong></span> <span class='ocrx_word' id='word_1_136' title='bbox 842 2152 937 2223; x_wconf 81' lang='lat' dir='ltr'><strong>proal-</strong></span> 
     </span>
     <span class='ocr_line' id='line_1_21' title="bbox 81 2243 936 2320; baseline 0.007 -18"><span class='ocrx_word' id='word_1_137' title='bbox 81 2243 117 2302; x_wconf 88' lang='lat' dir='ltr'><strong>rui</strong></span> <span class='ocrx_word' id='word_1_138' title='bbox 142 2245 267 2302; x_wconf 88' lang='lat' dir='ltr'><strong>militum</strong></span> <span class='ocrx_word' id='word_1_139' title='bbox 293 2250 374 2318; x_wconf 89' lang='lat' dir='ltr'><strong>grata</strong></span> <span class='ocrx_word' id='word_1_140' title='bbox 399 2245 497 2302; x_wconf 90' lang='lat' dir='ltr'><strong>auditu</strong></span> <span class='ocrx_word' id='word_1_141' title='bbox 523 2249 715 2318; x_wconf 85' lang='lat' dir='ltr'><strong>respondent:</strong></span> <span class='ocrx_word' id='word_1_142' title='bbox 747 2266 798 2320; x_wconf 88' lang='lat' dir='ltr'><strong>per</strong></span> <span class='ocrx_word' id='word_1_143' title='bbox 822 2255 936 2308; x_wconf 80' lang='lat' dir='ltr'><strong>osterna</strong></span> 
     </span>
     <span class='ocr_line' id='line_1_22' title="bbox 81 2343 937 2418; baseline 0.008 -19"><span class='ocrx_word' id='word_1_144' title='bbox 81 2343 222 2400; x_wconf 87' lang='lat' dir='ltr'><strong>moestitia</strong></span> <span class='ocrx_word' id='word_1_145' title='bbox 236 2361 271 2400; x_wconf 89' lang='lat' dir='ltr'><strong>ac</strong></span> <span class='ocrx_word' id='word_1_146' title='bbox 284 2343 441 2408; x_wconf 87' lang='lat' dir='ltr'><strong>silentium,</strong></span> <span class='ocrx_word' id='word_1_147' title='bbox 455 2351 597 2418; x_wconf 86' lang='lat' dir='ltr'><strong>tamquam</strong></span> <span class='ocrx_word' id='word_1_148' title='bbox 619 2348 781 2417; x_wconf 86' lang='lat' dir='ltr'><strong>usurpatam</strong></span> <span class='ocrx_word' id='word_1_149' title='bbox 803 2347 891 2404; x_wconf 87' lang='lat' dir='ltr'><strong>eliam</strong></span> <span class='ocrx_word' id='word_1_150' title='bbox 904 2347 937 2406; x_wconf 80' lang='lat' dir='ltr'><strong>in</strong></span> 
     </span>
     <span class='ocr_line' id='line_1_23' title="bbox 81 2442 936 2516; baseline 0.006 -19"><span class='ocrx_word' id='word_1_151' title='bbox 81 2457 145 2512; x_wconf 87' lang='lat' dir='ltr'><strong>pace</strong></span> <span class='ocrx_word' id='word_1_152' title='bbox 158 2442 294 2512; x_wconf 78' lang='lat' dir='ltr'><strong>donativi</strong></span> <span class='ocrx_word' id='word_1_153' title='bbox 309 2443 513 2500; x_wconf 87' lang='lat' dir='ltr'><strong>necessitatem</strong></span> <span class='ocrx_word' id='word_1_154' title='bbox 527 2445 605 2500; x_wconf 91' lang='lat' dir='ltr'><strong>bello</strong></span> <span class='ocrx_word' id='word_1_155' title='bbox 618 2443 818 2516; x_wconf 84' lang='lat' dir='ltr'><strong>perdidissent.</strong></span> <span class='ocrx_word' id='word_1_156' title='bbox 860 2444 936 2502; x_wconf 80' lang='lat' dir='ltr'><strong>Con·</strong></span> 
     </span>
     <span class='ocr_line' id='line_1_24' title="bbox 80 2539 936 2616; baseline 0.007 -22"><span class='ocrx_word' id='word_1_157' title='bbox 80 2544 139 2606; x_wconf 86' lang='lat' dir='ltr'><strong>slat,</strong></span> <span class='ocrx_word' id='word_1_158' title='bbox 182 2541 311 2612; x_wconf 88' lang='lat' dir='ltr'><strong>potuisse</strong></span> <span class='ocrx_word' id='word_1_159' title='bbox 343 2539 496 2598; x_wconf 89' lang='lat' dir='ltr'><strong>conciliari</strong></span> <span class='ocrx_word' id='word_1_160' title='bbox 532 2541 644 2600; x_wconf 86' lang='lat' dir='ltr'><strong>animoa</strong></span> <span class='ocrx_word' id='word_1_161' title='bbox 677 2543 936 2616; x_wconf 84' lang='lat' dir='ltr'><strong>quantulacumque</strong></span> 
     </span>
     <span class='ocr_line' id='line_1_25' title="bbox 78 2637 935 2714; baseline 0.004 -18"><span class='ocrx_word' id='word_1_162' title='bbox 78 2638 153 2710; x_wconf 84' lang='lat' dir='ltr'><strong>parci</strong></span> <span class='ocrx_word' id='word_1_163' title='bbox 179 2637 259 2694; x_wconf 86' lang='lat' dir='ltr'><strong>aenis</strong></span> <span class='ocrx_word' id='word_1_164' title='bbox 296 2637 477 2694; x_wconf 89' lang='lat' dir='ltr'><strong>liberalitate.</strong></span> <span class='ocrx_word' id='word_1_165' title='bbox 507 2639 605 2698; x_wconf 88' lang='lat' dir='ltr'><strong>nocuit</strong></span> <span class='ocrx_word' id='word_1_166' title='bbox 637 2641 771 2714; x_wconf 86' lang='lat' dir='ltr'><strong>antiquos</strong></span> <span class='ocrx_word' id='word_1_167' title='bbox 803 2640 878 2714; x_wconf 90' lang='lat' dir='ltr'><strong>rigor</strong></span> <span class='ocrx_word' id='word_1_168' title='bbox 903 2647 935 2700; x_wconf 91' lang='lat' dir='ltr'><strong>et</strong></span> 
     </span>
     <span class='ocr_line' id='line_1_26' title="bbox 79 2735 985 2809; baseline 0.007 -17"><span class='ocrx_word' id='word_1_169' title='bbox 79 2735 163 2794; x_wconf 85' lang='lat' dir='ltr'><strong>nimia</strong></span> <span class='ocrx_word' id='word_1_170' title='bbox 186 2737 347 2805; x_wconf 72' lang='lat' dir='ltr'><strong>severitasr</strong></span> <span class='ocrx_word' id='word_1_171' title='bbox 377 2737 427 2794; x_wconf 89' lang='lat' dir='ltr'><strong>cui</strong></span> <span class='ocrx_word' id='word_1_172' title='bbox 448 2737 506 2794; x_wconf 90' lang='lat' dir='ltr'><strong>iam</strong></span> <span class='ocrx_word' id='word_1_173' title='bbox 529 2755 611 2809; x_wconf 85' lang='lat' dir='ltr'><strong>parea</strong></span> <span class='ocrx_word' id='word_1_174' title='bbox 633 2755 692 2796; x_wconf 92' lang='lat' dir='ltr'><strong>non</strong></span> <span class='ocrx_word' id='word_1_175' title='bbox 713 2755 818 2798; x_wconf 80' lang='lat' dir='ltr'><strong>sunaus.</strong></span> <span class='ocrx_word' id='word_1_176' title='bbox 859 2741 933 2800; x_wconf 88' lang='lat' dir='ltr'><strong>lade</strong></span> <span class='ocrx_word' id='word_1_177' title='bbox 948 2747 985 2806; x_wconf 77' lang='lat'><strong>19</strong></span> 
     </span>
     <span class='ocr_line' id='line_1_27' title="bbox 77 2835 933 2912; baseline 0.007 -22"><span class='ocrx_word' id='word_1_178' title='bbox 77 2836 146 2906; x_wconf 92' lang='lat' dir='ltr'><strong>apud</strong></span> <span class='ocrx_word' id='word_1_179' title='bbox 167 2835 309 2892; x_wconf 83' lang='lat' dir='ltr'><strong>Senatum</strong></span> <span class='ocrx_word' id='word_1_180' title='bbox 333 2851 391 2892; x_wconf 89' lang='lat' dir='ltr'><strong>non</strong></span> <span class='ocrx_word' id='word_1_181' title='bbox 418 2835 560 2908; x_wconf 84' lang='lat' dir='ltr'><strong>comptior</strong></span> <span class='ocrx_word' id='word_1_182' title='bbox 583 2835 706 2902; x_wconf 82' lang='lat' dir='ltr'><strong>Galbae,</strong></span> <span class='ocrx_word' id='word_1_183' title='bbox 731 2853 788 2894; x_wconf 90' lang='lat' dir='ltr'><strong>non</strong></span> <span class='ocrx_word' id='word_1_184' title='bbox 813 2839 933 2912; x_wconf 88' lang='lat' dir='ltr'><strong>longior,</strong></span> 
     </span>
     <span class='ocr_line' id='line_1_28' title="bbox 75 2932 932 3006; baseline 0.006 -16"><span class='ocrx_word' id='word_1_185' title='bbox 75 2951 156 3006; x_wconf 86' lang='lat' dir='ltr'><strong>quam</strong></span> <span class='ocrx_word' id='word_1_186' title='bbox 182 2933 258 3003; x_wconf 88' lang='lat' dir='ltr'><strong>apud</strong></span> <span class='ocrx_word' id='word_1_187' title='bbox 279 2932 411 3000; x_wconf 87' lang='lat' dir='ltr'><strong>militem,</strong></span> <span class='ocrx_word' id='word_1_188' title='bbox 443 2950 551 2990; x_wconf 83' lang='lat' dir='ltr'><strong>sermo:</strong></span> <span class='ocrx_word' id='word_1_189' title='bbox 575 2934 689 2992; x_wconf 84' lang='lat' dir='ltr'><strong>Pisonis</strong></span> <span class='ocrx_word' id='word_1_190' title='bbox 716 2936 806 2994; x_wconf 86' lang='lat' dir='ltr'><strong>comis</strong></span> <span class='ocrx_word' id='word_1_191' title='bbox 830 2938 932 2995; x_wconf 90' lang='lat' dir='ltr'><strong>oratio.</strong></span> 
     </span>
     <span class='ocr_line' id='line_1_29' title="bbox 75 3029 932 3106; baseline 0.007 -18"><span class='ocrx_word' id='word_1_192' title='bbox 75 3031 111 3088; x_wconf 81' lang='lat' dir='ltr'><strong>ut</strong></span> <span class='ocrx_word' id='word_1_193' title='bbox 134 3031 252 3090; x_wconf 85' lang='lat' dir='ltr'><strong>Petrum</strong></span> <span class='ocrx_word' id='word_1_194' title='bbox 275 3029 358 3088; x_wconf 84' lang='lat' dir='ltr'><strong>lavor</strong></span> <span class='ocrx_word' id='word_1_195' title='bbox 384 3031 498 3099; x_wconf 78' lang='lat' dir='ltr'><strong>aderat3</strong></span> <span class='ocrx_word' id='word_1_196' title='bbox 519 3031 601 3088; x_wconf 91' lang='lat' dir='ltr'><strong>mulli</strong></span> <span class='ocrx_word' id='word_1_197' title='bbox 628 3035 776 3091; x_wconf 86' lang='lat' dir='ltr'><strong>voluntale</strong></span> <span class='ocrx_word' id='word_1_198' title='bbox 800 3033 932 3106; x_wconf 64' lang='lat' dir='ltr'><strong>edesium</strong></span> 
     </span>
     <span class='ocr_line' id='line_1_30' title="bbox 75 3128 932 3207; baseline 0.005 -21"><span class='ocrx_word' id='word_1_199' title='bbox 75 3129 121 3203; x_wconf 87' lang='lat' dir='ltr'><strong>qui</strong></span> <span class='ocrx_word' id='word_1_200' title='bbox 146 3131 308 3196; x_wconf 88' lang='lat' dir='ltr'><strong>noluerant,</strong></span> <span class='ocrx_word' id='word_1_201' title='bbox 335 3128 446 3198; x_wconf 69' lang='lat' dir='ltr'><strong>molier</strong></span> <span class='ocrx_word' id='word_1_202' title='bbox 477 3146 512 3186; x_wconf 89' lang='lat' dir='ltr'><strong>ao</strong></span> <span class='ocrx_word' id='word_1_203' title='bbox 541 3131 654 3200; x_wconf 90' lang='lat' dir='ltr'><strong>plurimi</strong></span> <span class='ocrx_word' id='word_1_204' title='bbox 674 3132 763 3190; x_wconf 84' lang='lat' dir='ltr'><strong>obvio</strong></span> <span class='ocrx_word' id='word_1_205' title='bbox 786 3134 932 3207; x_wconf 87' lang='lat' dir='ltr'><strong>obsequio,</strong></span> 
     </span>
     <span class='ocr_line' id='line_1_31' title="bbox 74 3227 932 3302; baseline 0.005 -18"><span class='ocrx_word' id='word_1_206' title='bbox 74 3227 197 3301; x_wconf 87' lang='lat' dir='ltr'><strong>privatas</strong></span> <span class='ocrx_word' id='word_1_207' title='bbox 223 3244 290 3299; x_wconf 84' lang='lat' dir='ltr'><strong>apes</strong></span> <span class='ocrx_word' id='word_1_208' title='bbox 317 3227 470 3300; x_wconf 83' lang='lat' dir='ltr'><strong>agitantes,</strong></span> <span class='ocrx_word' id='word_1_209' title='bbox 495 3227 560 3283; x_wconf 86' lang='lat' dir='ltr'><strong>sine</strong></span> <span class='ocrx_word' id='word_1_210' title='bbox 591 3229 707 3302; x_wconf 85' lang='lat' dir='ltr'><strong>publica</strong></span> <span class='ocrx_word' id='word_1_211' title='bbox 733 3247 810 3286; x_wconf 89' lang='lat' dir='ltr'><strong>cura.</strong></span> <span class='ocrx_word' id='word_1_212' title='bbox 867 3233 932 3288; x_wconf 88' lang='lat' dir='ltr'><strong>Nec</strong></span> 
     </span>
     <span class='ocr_line' id='line_1_32' title="bbox 75 3322 933 3402; baseline 0 -21"><span class='ocrx_word' id='word_1_213' title='bbox 75 3326 147 3382; x_wconf 87' lang='lat' dir='ltr'><strong>aliud</strong></span> <span class='ocrx_word' id='word_1_214' title='bbox 161 3325 294 3398; x_wconf 85' lang='lat' dir='ltr'><strong>sequenti</strong></span> <span class='ocrx_word' id='word_1_215' title='bbox 308 3325 459 3398; x_wconf 86' lang='lat' dir='ltr'><strong>quatriduo</strong></span> <span class='ocrx_word' id='word_1_216' title='bbox 471 3322 559 3402; x_wconf 88' lang='lat' dir='ltr'><strong>(quod</strong></span> <span class='ocrx_word' id='word_1_217' title='bbox 574 3329 700 3384; x_wconf 88' lang='lat' dir='ltr'><strong>medium</strong></span> <span class='ocrx_word' id='word_1_218' title='bbox 724 3329 799 3383; x_wconf 85' lang='lat' dir='ltr'><strong>inter</strong></span> <span class='ocrx_word' id='word_1_219' title='bbox 822 3327 933 3395; x_wconf 89' lang='lat' dir='ltr'><strong>adopti-</strong></span> 
     </span>
     <span class='ocr_line' id='line_1_33' title="bbox 75 3419 933 3503; baseline -0.008 -23"><span class='ocrx_word' id='word_1_220' title='bbox 75 3439 156 3483; x_wconf 85' lang='lat' dir='ltr'><strong>onem</strong></span> <span class='ocrx_word' id='word_1_221' title='bbox 177 3429 208 3480; x_wconf 88' lang='lat' dir='ltr'><strong>el</strong></span> <span class='ocrx_word' id='word_1_222' title='bbox 230 3425 354 3484; x_wconf 67' lang='lat' dir='ltr'><strong>medem</strong></span> <span class='ocrx_word' id='word_1_223' title='bbox 374 3419 442 3503; x_wconf 84' lang='lat' dir='ltr'><strong>tuit)</strong></span> <span class='ocrx_word' id='word_1_224' title='bbox 465 3423 607 3482; x_wconf 77' lang='lat' dir='ltr'><strong>dictatura</strong></span> <span class='ocrx_word' id='word_1_225' title='bbox 631 3425 738 3481; x_wconf 85' lang='lat' dir='ltr'><strong>Pisone</strong></span> <span class='ocrx_word' id='word_1_226' title='bbox 759 3423 791 3477; x_wconf 91' lang='lat' dir='ltr'><strong>in</strong></span> <span class='ocrx_word' id='word_1_227' title='bbox 817 3421 933 3494; x_wconf 88' lang='lat' dir='ltr'><strong>publico</strong></span> 
     </span>
    </p>
   </div>
   <div class='ocr_carea' id='block_1_3' title="bbox 0 0 1054 3816">
    <p class='ocr_par' dir='ltr' id='par_1_3' title="bbox 0 0 1054 3816">
     <span class='ocr_line' id='line_1_34' title="bbox 0 0 1054 3816; baseline 0 3"><span class='ocrx_word' id='word_1_228' title='bbox 0 0 1054 3816; x_wconf 95' lang='lat' dir='ltr'><strong> </strong></span> 
     </span>
    </p>
   </div>
  </div>
 </body>
</html>
