2090 3838
58 194 132 262 222
359 216 613 265 rrrsromrrrrrr
780 219 809 265 s.
826 217 855 264 v.
870 219 918 266 aaa

58 367 127 424 dine
141 366 265 440 agminis
285 367 450 436 sortiuntur,
469 369 580 444 equites
607 383 784 441 prorupere:
806 369 846 436 et,
873 370 922 426 nri·

58 482 120 524 rum
140 465 261 533 dictu,e
287 465 470 538 paucioribus
494 466 748 540 Othonianis-quo
771 467 871 524 minus
891 467 922 524 in*

58 566 169 622 vatium
192 564 420 638 inpingerentur,
435 565 559 624 ltsiicae
587 565 712 639 legionis
742 565 924 624 virtute'de·

58 662 151 720 territi
163 668 239 720 sunt.
260 679 296 720 eu
309 661 418 720 strictis
441 662 636 730 mucronibus,
656 663 751 720 redire
772 665 926 735 putsos'et

56 777 182 834 pugnem
197 779 340 818 resumere
363 760 471 834 coegit.
514 761 666 834 Disposita
694 761 924 820 Vitellianarum

56 859 204 932 legionum
231 859 310 918 acies
338 859 402 916 sine
426 858 639 930 trepidatione:
673 858 795 925 etenim,
828 877 926 934 qoam·

56 943 142 1031 quim
157 956 257 1016 vicino
270 958 363 1024 hoste,
382 957 537 1028 adspectus
557 973 701 1014 armorum
714 957 815 1014 densis
830 960 925 1014 arbus-

56 1055 94 1111 tis
113 1056 334 1126 prohibebatur:
364 1056 441 1126 ap'ud
471 1054 664 1121 Othonianos,
685 1055 785 1124 pavidi
815 1056 926 1121 Duces,

55 1155 140 1212 mites
155 1155 287 1210 Ducibus
307 1154 445 1219 inienuus,
459 1153 553 1210 mista
572 1152 709 1213 vehiculu
723 1157 753 1210 et
775 1153 866 1221 tinae,
886 1159 926 1219 et,
991 1161 996 1169 '

54 1252 215 1325 praeruptis
233 1252 373 1325 utrimque
389 1252 482 1319 iussis,
502 1251 550 1308 via
565 1251 664 1324 quieto
684 1268 796 1324 quoque
812 1251 924 1324 agmini

55 1355 185 1424 ungunta.
240 1349 461 1408 circumsistere
495 1351 548 1406 atii
581 1349 664 1422 signs
691 1367 753 1412 sua,
784 1369 925 1424 quaerere

55 1440 125 1506 aiii:
160 1450 286 1508 incertus
308 1449 434 1521 undique
461 1450 572 1506 clamor
598 1449 821 1525 adcurrentium
843 1453 929 1510 voci-

56 1550 194 1606 tantium:
214 1554 253 1616 et,
276 1553 306 1606 ut
331 1547 436 1621 cuique
460 1547 584 1604 audacis
598 1549 649 1603 vet
675 1525 808 1616 iormido,
821 1549 858 1606 in
870 1551 927 1623 pri·

55 1666 133 1708 mam
153 1654 364 1722 postremamve
384 1645 479 1704 aciem
503 1647 734 1718 prorumpebant,
764 1649 812 1704 vet
838 1666 928 1706 reuc-

3 1742 205 1804 42bebantur.
249 1746 405 1807 Adtonitus
426 1745 523 1802 subito
543 1749 650 1802 terrore
676 1750 788 1804 mentes
817 1745 927 1806 iatsunr

57 1845 194 1920 gandium
209 1844 241 1900 in
251 1846 418 1916 languorem
440 1841 538 1910 vertit,
559 1843 689 1916 repertis,
707 1843 756 1916 qui
777 1841 931 1904 maritime

56 1961 75 2000 o
91 1939 204 2000 Vitellio
229 1940 607 1998 exercitmn'ementirentur.
637 1942 680 1998 -ts
695 1959 798 2008 rumor,
819 1945 858 2000 ab
873 1962 926 2002 ex-

56 2040 245 2115 ploratoribus
260 2039 378 2096 Viteitii
404 2040 558 2114 dispersus,
588 2057 627 2096 en
648 2039 679 2098 in
707 2041 772 2112 ipsa
796 2040 928 2099 Othonis

56 2145 145 2214 parte,
159 2156 210 2196 seu
235 2140 311 2206 doto,
326 2156 378 2194 seu
399 2139 471 2196 torte
485 2138 649 2204 surrexerit,
670 2155 769 2209 parum
793 2155 927 2212 comper·

56 2245 125 2296 tum.
166 2238 281 2295 Omisso
301 2253 413 2310 pugnae
428 2239 537 2304 ardore,
560 2237 721 2294 Othoniani
748 2241 824 2294 uitro
848 2242 925 2296 saiu-

57 2345 176 2398 tavere:
197 2343 226 2394 et
239 2316 336 2393 hostili
351 2353 492 2394 murmure
505 2335 633 2408 excepti,
648 2337 792 2409 plerisque
805 2354 925 2396 suorum

56 2437 175 2511 ignaris,
208 2439 281 2509 quae
308 2451 409 2492 caussa
437 2433 594 2500 salutandi,
613 2440 721 2492 metum
748 2436 928 2506 proditionis

56 2537 163 2602 secere,
198 2540 258 2590 tum
307 2533 439 2590 incubuit
485 2532 610 2590 hostiurn
651 2534 740 2600 acies,
799 2533 926 2608 integris

56 2633 214 2694 ordinibus,
239 2634 339 2687 robore
374 2637 403 2686 et
431 2648 550 2687 numero
588 2631 799 2702 praestantior:
830 2633 926 2690 Otho-

54 2732 146 2796 niani,
166 2747 336 2803 quamquam
369 2729 499 2800 dispersi,
539 2729 698 2800 pauciores,
736 2730 804 2786 sessi
840 2749 923 2804 proe-

54 2829 124 2896 lium
150 2835 247 2884 tamen
282 2826 387 2882 acriter
414 2844 570 2898 sumpsere.
605 2831 635 2882 et
669 2845 719 2900 per
753 2830 846 2894 iocos,
879 2847 923 2886 ar-

54 2926 170 2984 boribus
218 2942 252 2980 ac
294 2923 389 2979 vineis
424 2924 578 2996 inpeditos,
606 2943 664 2992 non
705 2943 762 2982 una
804 2943 921 2999 pugnae

52 3027 151 3083 iacies.
164 3022 295 3082 cominus
315 3021 483 3093 eminusque
493 3023 620 3078 catervis
641 3027 670 3078 et
684 3023 786 3078 cuneis
799 3040 925 3082 concur-

54 3127 174 3182 rebant:
196 3123 227 3177 in
244 3138 347 3194 aggere
366 3119 431 3176 viae
450 3121 567 3176 coniato
590 3122 687 3194 gradu,
702 3121 869 3188 corporibus
893 3130 924 3182 et

54 3221 226 3278 umbonibus
244 3219 307 3283 niti,
327 3219 434 3272 omisso
450 3217 570 3288 pitorum
595 3219 683 3286 iactu,
698 3219 802 3292 gladiis
817 3227 848 3276 et
877 3240 924 3278 se-

54 3319 170 3376 curibus
184 3319 282 3390 gateas
304 3317 463 3387 loricasque
479 3329 676 3389 perrumpere:
698 3324 856 3376 noscentes
879 3321 925 3378 in·

55 3422 99 3473 ter
122 3435 163 3482 se,
184 3413 289 3472 ceteris
317 3411 475 3484 conspicui,
508 3412 704 3474 in-eventum
732 3416 819 3474 totius
849 3421 926 3478 beiti

2 3515 215 3581 Aaoertubant.
270 3512 359 3570 Forte
385 3495 464 3567 inter
494 3509 605 3568 Padum
634 3512 927 3593 viamque,''pateuti
