2158 3820
22 159 23 212 1
119 167 245 218 nucu
352 151 808 220 nte.x1v.our.13.l¹l.
943 153 989 219 lu

119 321 218 396 patriis
243 321 381 388 reddidit,
402 323 440 378 ab
466 321 628 396 Agrippina
647 322 718 380 olim
744 325 850 397 pulsor.
890 322 990 382 Etiam

121 421 235 478 Lolliae
263 419 418 478 Paullinee
449 420 563 478 cinerea
597 422 743 494 reportari,
769 423 989 498 :epuurumque

22 523 23 528 ’
123 519 231 576 exulrui
259 519 409 592 permisit:
441 535 567 594 quosque
594 521 657 594 ipre
681 539 771 594 nuper
798 523 990 596 relegaverat,

123 617 243 675 Iturium
256 624 289 674 et
304 616 476 688 Calvisium,
498 635 590 691 poena
604 619 743 676 exsolvit.
785 619 862 676 Nom
889 619 990 678 Silene

122 715 179 774 leto
191 717 295 774 iuncto
309 722 381 780 erat,
408 718 567 792 longinquo
581 720 618 774 ab
641 719 749 776 emilie
771 717 934 776 'Parentum
948 735 990 776 re·

123 832 227 888 peace,
242 817 362 872 labante
383 817 442 872 iem
457 815 629 889 Agrippina,
648 816 730 875 cuine
744 815 907 874 inimicitiis
923 835 990 876 oon·

125 913 245 979 uiderat,
260 917 311 971 vel
325 921 386 971 lum
400 915 542 988 mitigate.
948 963 952 970 .

152 1013 314 1071 Cunctanti
325 1013 479 1086 inoppidie
494 1013 681 1087 Campaniae,
695 1021 834 1090 ‘quonam
848 1015 933 1072 modo
947 1031 989 1072 or·
1003 1015 1043 1074 13

123 1111 207 1170 {bem
220 1114 440 1187 ingrederetur:
460 1129 499 1169 an
512 1100 679 1188 obsequium
695 1115 828 1180 Seuetur,
842 1132 879 1172 eo
893 1113 991 1172 :lodie

120 1212 234 1284 ‘plebis
256 1209 414 1285 reperirel,'
428 1211 528 1278 anxio,
549 1220 650 1268 contre
671 1213 840 1270 deterrimus
861 1213 989 1288 quicque,

121 1327 241 1385 quorum
256 1328 317 1368 uon
340 1309 398 1368 alie
421 1311 502 1384 regie
524 1310 674 1368 secundior
697 1311 820 1378 exstitit,
844 1310 989 1370 ‘invirum

117 1409 319 1484 *Agrippinae
334 1426 449 1479 nomen,
468 1413 499 1466 et
522 1415 614 1470 morte
637 1409 699 1466 eiua
722 1427 878 1468 accensum
891 1407 990 1482 populi

22 1495 23 1502 ἵ
119 1505 290 1574 ‘favorem’
303 1509 466 1567 disserunt:
487 1507 561 1564 ‘iret
581 1507 751 1582 intrepidus,
776 1515 806 1565 et
827 1507 990 1566 veneratio·

121 1617 212 1664 ‘nem
246 1607 293 1663 eui
320 1624 417 1664 coram
453 1606 631 1680 experiretur
641 1605 659 1661 :'
691 1608 777 1664 simul
807 1603 990 1679 .‘proegredi'

120 1710 295 1786 exposcunt.
317 1710 347 1762 et
374 1705 558 1779 promptiora,
578 1722 664 1779 quam
688 1703 886 1777 promiserant,
908 1705 990 1762 inve·

22 1797 23 1804 '
120 1805 225 1862 aiunt:
246 1803 351 1860 obviae
376 1805 483 1861 tribua:
505 1805 579 1860 lento
601 1806 681 1860 cultu
712 1805 874 1860 Senatum:
891 1803 990 1860 eoniu-

120 1922 189 1978 gum
209 1921 246 1961 rc
270 1903 423 1960 liberorum
447 1903 574 1976 agmine,
603 1921 653 1976 per
679 1921 781 1960 :raum
808 1909 838 1984 et
864 1908 991 1962 aetatem

120 2002 289 2075 disposita:
331 2008 503 2070 exstructor,
530 2020 586 2077 qua
619 2002 777 2066 incederet,
813 2003 991 2074 spectaculo·

120 2118 183 2160 rum
204 2103 319 2175 gradus,
349 2119 405 2176 quo
437 2103 525 2158 modo
551 2100 687 2173 triumphi
717 2101 856 2158 visuntur.
911 2099 992 2157 Hinc

121 2203 271 2273 euperbue,
292 2217 328 2256 ac
342 2199 451 2273 publici
464 2199 578 2257 servilii
602 2201 704 2268 vietor,
723 2199 896 2274 capitolium
910 2199 992 2265 adiit,

121 2304 218 2374 gretes
247 2299 394 2356 exsolvit:
428 2316 516 2372 reque
537 2298 568 2356 in
589 2315 692 2356 omnes
720 2298 856 2356 libidines
883 2296 992 2363 effudit,

22 2455 23 2460 ,
67 2408 70 2412 ’
123 2415 193 2472 quas
219 2400 297 2454 male
311 2397 453 2454 coercitae
477 2397 692 2472 qualiscumque
707 2397 806 2454 matris
827 2395 993 2454 reverentie

123 2498 300 2554 tardaverat.
341 2496 435 2552 Vetus
459 2495 504 2552 llll
530 2512 600 2552 cure
624 2501 694 2561 eret,
716 2495 858 2552 curriculo
882 2494 993 2569 quadri·
1007 2475 1046 2535 ¹4

122 2612 224 2668 gamm
239 2593 391 2656 iuaietere:
411 2611 467 2651 nec
481 2594 576 2651 minua
591 2593 706 2650 foedum
727 2595 860 2660 eludium,
881 2593 1000 2652 cithare·

122 2693 266 2750 ludicrum
275 2692 306 2748 in
319 2697 434 2752 modum
445 2709 562 2760 canere,
572 2709 639 2748 eum
649 2699 802 2759 coenaret:
818 2691 902 2767 quod’
916 2700 924 2724 ⁴
937 2693 993 2750 lle·

130 2793 231 2866 ‘gibus
258 2797 289 2848 et
304 2791 429 2866 antiquie
457 2790 590 2848 Ducibus
604 2788 775 2848 lactitulom’
796 2792 993 2848 memorabat:

124 2889 230 2964 ‘idque
253 2898 351 2948 vetum
376 2889 507 2946 laudibus
530 2891 655 2956 celebre,
680 2893 710 2946 et
736 2891 863 2946 Deorum
891 2887 994 2946 honori

122 2989 254 3052 ‘delum
316 2989 476 3046 Enimvero
499 2993 602 3045 cantur
628 2987 762 3060 Apollini
785 3005 899 3056 sacros:
932 2986 994 3044 tali·

123 3093 200 3161 ‘que
214 3093 317 3144 ornatu
339 3088 461 3154 adstare,
482 3103 541 3142 uon
563 3085 649 3142 modo
673 3085 795 3142 Graecis
817 3085 847 3142 iu
868 3085 995 3152 urbibus,

22 3163 23 3178 ³
124 3187 196 3242 ‘aed
223 3186 356 3243 Romane
376 3186 451 3259 apud
472 3185 591 3257 templa,
614 3185 732 3241 Numen
757 3184 941 3256 praecipuum
966 3187 996 3239 et

22 3279 23 3288 ’
122 3282 326 3358 ‘praescium’
368 3285 506 3342 Neciem
526 3283 590 3340 sisti
615 3286 750 3354 poterat;
770 3297 839 3336 cum
862 3282 995 3336 Senecae

126 3399 162 3440 ac
186 3384 279 3439 Burro
306 3383 412 3450 visum,
438 3399 477 3440 ne
503 3387 623 3454 utroque
651 3375 847 3450 pervinceret,
874 3375 997 3426 alterum

166 3497 237 3538 von.
256 3497 295 3536 rr.
582 3479 600 3528 2
