2114 3830
109 145 181 214 398
396 167 648 218 maaoarmrn
826 173 969 222 aucae

140 333 237 386 pamm
245 319 370 386 praciam
377 316 468 386 firm
480 319 649 387 opprimitur.
684 321 728 374 m
746 317 840 374 Cicilia
851 325 970 374 meeum

142 407 225 458 aciem
245 414 360 470 aeternat,
384 407 578 460 reuocatae
606 414 679 460 tram
704 407 830 462 Rhenum
850 413 966 478 pellitur.

143 493 205 555 mc,
227 495 341 548 iamlam
367 496 527 549 Batavorum
555 498 704 564 populatus,
726 497 864 564 mpmfnec
884 515 967 560 amne,

142 599 237 636 nanum
256 585 396 638 discrimen
418 587 480 636 adit.
516 587 558 639 24.
579 588 621 637 25.
644 585 715 638 Tum
735 589 850 640 hostiam
867 589 973 640 animae

143 673 246 725 nemun
264 675 364 726 nuntiis
382 672 524 742 tutpfcctct.
559 677 602 726 26.
621 671 723 738 Cicilm
738 677 822 742 petita
834 677 972 744 collequic,

142 760 177 812 ari
187 761 339 816 aeditimum
350 779 375 815 se
384 777 500 830 pronum
514 761 663 830 prpitetnr.

81 929 269 1012 lesnan
297 954 366 1011 anni
389 953 532 1028 principio
553 954 661 1012 anear
675 953 773 1022 Titus,
799 957 968 1028 perdoman-

108 1055 163 1110 tine
184 1051 308 1107 iudaeae
322 1051 452 1105 detectus
477 1054 595 1121 epatre,
609 1055 639 1105 et
659 1048 795 1121 praetatis
823 1051 969 1123 utriusque

107 1153 190 1208 rebus
214 1147 318 1206 militia
341 1149 444 1212 clame,
467 1147 573 1204 maiore
604 1151 667 1204 tum
696 1146 729 1202 vi
757 1147 892 1221 famaque
905 1165 966 1221 age

107 1251 164 1314 bat,
184 1244 361 1305 certantibus
382 1243 594 1317 provinciarum
607 1249 637 1300 et
660 1245 844 1302 exercituum
857 1245 967 1302 studiis.

107 1349 203 1420 Atque
229 1343 302 1416 ipse,
330 1347 360 1398 ut
397 1360 482 1416 nuper
508 1339 650 1399 fortunam
680 1344 856 1410 crederetur,
883 1345 965 1400 deco·

104 1463 165 1502 rum
181 1461 212 1500 ee
226 1447 441 1515 promptumque
456 1441 485 1497 in
498 1441 584 1498 armis
597 1441 777 1508 ostendebat,
791 1441 965 1498 comitateet

104 1541 245 1618 adloquiis
258 1539 353 1598 officia
367 1555 553 1612 provocans:
570 1555 606 1597 ac
621 1541 787 1612 pierumque
812 1539 848 1596 ia
870 1557 964 1613 opere,
1031 1553 1032 1560 ¹

104 1645 134 1702 in
161 1641 286 1716 agmine,
309 1638 440 1713 gregario
463 1637 547 1694 mititi
574 1637 691 1706 mixtur,
708 1638 885 1712 inconmpto
908 1639 965 1695 Bu

103 1742 146 1799 cia
172 1743 289 1798 honore.
339 1736 416 1794 'l'res
445 1753 511 1793 eum
535 1733 565 1792 in
589 1725 696 1792 Iudaea
721 1735 862 1808 iegionee,
886 1737 963 1810 quin·

104 1849 142 1906 ta,
156 1843 185 1894 et
198 1837 321 1904 decima,
335 1839 364 1891 ei
378 1833 602 1908 quintadecima,
617 1839 701 1890 vetus
714 1833 892 1906 Vespasiani
915 1834 963 1891 mi·

104 1941 156 2003 ies,
184 1951 339 2008 excepere.
390 1933 512 1990 Addidit
539 1949 556 1987 e
585 1930 671 2004 Syria
698 1923 910 1999 duodecimam,
934 1936 963 1988 et

104 2037 241 2092 adductae
263 2029 443 2090 Alexandria
463 2029 745 2086 duoetviceaimanoe
761 2031 962 2104 tertianosque.

105 2133 325 2194 Comitabantnr
339 2128 444 2202 viginti
467 2127 564 2186 aceiae
585 2128 729 2194 cohortes,
741 2132 813 2186 ceta
837 2128 964 2202 equitum

102 2236 185 2294 atae:
214 2230 298 2288 simul
324 2227 454 2301 Agrippa
476 2227 684 2300 Schemueque,
707 2225 812 2298 Reges,
840 2231 871 2282 et
897 2243 963 2283 anx·

101 2332 153 2390 iiia
176 2328 265 2403 Regia
290 2325 440 2389 Antiochi,
466 2325 628 2398 validaque,
645 2329 688 2391 et,
708 2323 794 2380 sclito
817 2323 895 2381 inter
916 2326 960 2382 ad·

101 2432 181 2486 notae
205 2411 281 2493 odic,
299 2423 414 2481 intensa
439 2415 555 2480 iudaeis
579 2423 706 2480 Arabum
729 2437 849 2478 manue:
871 2422 960 2490 mutii,

102 2546 172 2604 quoa
186 2528 255 2583 urbe
282 2529 367 2598 atque
383 2521 470 2578 itaiia
489 2538 539 2576 sua
554 2537 694 2594 quemque
718 2537 784 2592 epea
805 2520 964 2590 acciverat,

102 2627 265 2703 occupandi
289 2623 456 2697 Principem
479 2623 572 2678 adtruc
597 2637 728 2678 vacnum
769 2621 824 2678 His
838 2638 959 2682 cumen

102 2729 157 2801 piis
197 2728 269 2786 tinea
302 2722 426 2780 hostium
460 2721 613 2796 ingressae,
645 2720 810 2792 composito
839 2722 958 2796 agmine,

131 2900 232 2947 Primttr
250 2899 366 2956 utriusque
382 2896 457 2966 reim]
487 2894 637 2956 Vespasianus
651 2907 678 2938 ac
695 2893 960 2953 pampinandum

101 2961 174 3013 rebus,
186 2960 207 3004 id
218 2962 260 3009 eat,
271 2959 366 3003 nondum
377 2955 404 3001 ad
420 2954 566 3015 principatum
575 2952 655 3007 erecti,
672 2952 694 2997 iu
703 2951 833 3007 Germania,
841 2953 866 3001 in
877 2953 961 2998 Britan-

102 3019 147 3074 nia,
167 3018 189 3064 in
207 3017 294 3062 Judaea
318 3013 410 3062 militari
430 3014 496 3059 laude
519 3012 676 3058 inclaruerunt
707 3010 767 3056 Vide
789 3011 916 3057 Suetonium
933 3012 957 3058 in

102 3077 195 3135 Veapae.
208 3075 247 3122 tv.
258 3081 282 3119 et
298 3073 321 3118 iu
330 3073 378 3118 Tit.
394 3071 434 3118 tv.

130 3151 295 3254 Tartareosque)
316 3149 425 3200 Lenionea
442 3149 476 3194 lii
486 3153 508 3194 et
518 3147 595 3196 xxti.
612 3145 815 3194 Beata-exercitu
824 3145 877 3194 vide
890 3147 958 3194 etso-

99 3213 199 3270 tephum,
210 3211 267 3257 Beli.
293 3207 329 3252 ud.
341 3207 371 3252 V,
385 3210 403 3252 1.
415 3220 473 3252 num.
485 3211 506 3252 a.

128 3287 227 3343 Agrippa
236 3283 387 3344 antemnaque]
405 3283 441 3329 De
450 3283 546 3343 Agrippa
557 3285 584 3330 u.
594 3283 715 3340 Galiieae5
723 3284 827 3338 Schema,
835 3283 958 3344 Sophenen

98 3345 218 3401 Antiocho,
229 3343 398 3400 commagenae,
415 3341 509 3401 regibus,
522 3343 568 3400 jam
577 3343 660 3388 dictum
671 3357 739 3403 supra
748 3341 808 3389 aaa
821 3342 849 3392 li.
860 3345 897 3390 at.
