2100 3816
121 167 245 216 scas.
362 165 432 214 ure.
458 163 517 214 xv.
568 165 647 213 oar.
674 143 842 214 rsa-59.
945 143 992 214 87

122 319 249 378 &nocio
282 325 314 378 et
357 321 554 394 quinctianus
589 321 694 394 passim
728 323 863 380 conscios
897 323 994 390 edere,

122 421 211 493 magis
234 420 388 496 magisque
417 421 525 493 pavido
560 421 687 489 Nerone,
707 439 877 498 quamquam
899 423 994 480 mutti-

121 519 235 593 pticatis
267 519 403 576 excubiis
417 526 510 578 semet
537 519 684 594 sepsisset.
726 521 804 594 Quin
828 527 857 579 et
884 519 1031 590 urbam,5t

119 635 169 692 per
197 619 363 691 manipulos
390 619 542 691 occupetis
571 619 731 684 moenibus,
762 619 871 678 intenso
904 621 994 680 etiam

122 719 190 774 mari
211 723 243 776 et
267 736 366 784 amne,
389 722 468 775 vetut
502 719 531 775 in
559 719 721 778 custodiam
748 719 840 776 dedit.
880 719 993 778 Volita-

122 817 247 892 bantque
263 836 315 891 per
336 819 406 883 tora,
427 836 479 892 per
498 819 607 886 domos,
632 837 695 876 rura
716 837 828 896 quoque
848 824 879 876 et
900 818 994 891 proxi·

123 933 165 974 ma
179 918 417 992 municipiorum,
433 919 544 991 pedites
563 920 748 994 equitesque,
763 917 899 994 permixti
921 919 993 976 Ger·

122 1017 222 1084 manis,
257 1017 361 1092 quibus
396 1018 503 1074 fidebat
547 1017 696 1092 Princeps,
730 1018 812 1094 quasi
852 1019 992 1076 externis.

124 1109 270 1174 dontinus
296 1117 364 1174 hinc
391 1123 422 1173 et
453 1117 552 1174 iuncta
581 1117 697 1188 agmina
719 1119 794 1176 trahi
824 1136 859 1176 ac
887 1119 993 1176 ronnas

120 1215 266 1274 hortorum
288 1216 433 1274 adiacere.
478 1218 584 1291 Atque,
605 1217 654 1274 ubi
673 1215 827 1276 dicendam
852 1219 889 1275 ad
912 1219 1010 1275 caue'

119 1333 177 1372 sam
191 1315 375 1380 introissent,
389 1313 521 1372 Mation
535 1332 605 1392 erga
617 1315 785 1384 conirrrcton
798 1315 994 1396 sarsenatae

119 1431 206 1471 sumo
226 1421 253 1470 et
266 1411 354 1470 subiti
374 1431 514 1480 occursus,
537 1415 565 1472 si
577 1413 738 1484 roncinum,
758 1415 785 1472 si
807 1413 994 1494 spectaculum

118 1511 202 1570 amul
227 1511 356 1581 inissent,
370 1531 422 1588 pro
443 1515 565 1573 erimine
585 1513 700 1587 accipi:
722 1533 787 1572 cum
802 1533 888 1588 super
902 1515 993 1572 Nero-

116 1614 159 1670 nis
175 1632 212 1684 nc
230 1613 379 1688 Tigettiui
394 1631 498 1672 saevas
510 1614 778 1688 percunctationes,
793 1613 904 1672 Penius
925 1631 993 1686 quo·

117 1731 169 1788 que
195 1713 291 1769 Rufus
318 1713 464 1770 violenter
490 1720 615 1788 urgeret,
636 1714 764 1770 nondum
788 1715 825 1770 ab
846 1711 994 1770 indicibus

118 1813 295 1880 nominatus,
323 1812 385 1876 sed,
406 1831 463 1887 qno
484 1813 571 1870 fidem
601 1811 737 1870 inscitiae
762 1817 885 1886 pararet,
905 1817 992 1869 atrox

115 1913 258 1968 adversus
290 1911 397 1967 socios.
439 1913 521 1969 idern
557 1911 663 1968 Subrio
697 1911 803 1970 Flavio
836 1910 991 1970 adsistenti

118 2001 326 2083 adnuentique,
350 2027 387 2076 an
409 2010 486 2068 inter
505 2011 598 2084 ipsam
618 2011 817 2085 cognitionem
831 2011 991 2084 ‹instringe-

116 2117 158 2168 ret
184 2108 325 2186 gladium,
346 2111 522 2184 caedemque
538 2115 672 2182 patraret,
693 2110 797 2177 renuit,
811 2110 989 2186 infregitque

115 2207 245 2282 inpetum
260 2209 320 2265 iam
335 2226 451 2266 manum
474 2209 510 2265 ad
533 2209 668 2282 eupolum
682 2208 841 2266 referentis.
885 2205 1033 2278 suemus

115 2307 162 2384 qui
176 2307 293 2381 prodita
307 2307 516 2375 coniuratione,
529 2308 598 2365 dum
618 2307 733 2364 auditur
758 2307 907 2373 Milichus,
921 2307 990 2363 dum

116 2407 228 2465 dubitat
251 2406 407 2472 Scerinus,
422 2407 604 2463 hortarentur
628 2406 775 2471 Pisonem,
799 2411 938 2480 ‘pergere
958 2403 989 2463 in

116 2512 240 2574 'castre
262 2510 312 2563 aut
335 2512 426 2563 rostra
447 2507 615 2572 escendere,
638 2487 789 2580 studiaque
815 2503 938 2562 miiitum
959 2511 990 2562 et

17 2633 18 2678 p
115 2606 235 2679 ‘popuii
251 2609 373 2673 tentare,
384 2604 408 2662 si
420 2605 572 2662 conatibus
587 2605 649 2662 eius
673 2603 784 2662 conscii
800 2604 988 2680 adgregaren-

114 2708 186 2772 ‘tur‚
209 2709 361 2760 secuturos
384 2703 473 2760 etiam
496 2703 646 2778 integrunt
679 2721 869 2780 magnamque
892 2709 989 2762 motae

113 2802 176 2860 ‘rei
190 2802 307 2870 tamam,
321 2820 394 2878 quae
409 2803 562 2876 plurimum
577 2803 607 2861 in
620 2803 706 2862 novis
719 2804 851 2862 consitiis
867 2807 988 2862 unieret.

113 2901 218 2960 ‘Nihil
233 2902 388 2959 adversum
403 2903 459 2960 hoc
484 2902 597 2959 Neroni
611 2904 769 2977 provisum.
794 2901 884 2961 etiarn
900 2902 988 2960 fortes

112 3001 211 3059 ‘viros
226 2999 329 3058 subitis
347 3003 466 3082 terrem
486 3001 593 3059 nedum
607 2999 659 3058 itte
673 3001 818 3071 scenicus,
834 3002 988 3077 {i'igettino

112 3097 250 3157 'scilicet
262 3115 329 3157 cum
347 3100 499 3174 podicibus
523 3099 582 3156 suis
596 3102 765 3168 comitante,
790 3117 869 3158 arma
884 3105 991 3157 contra

114 3197 233 3256 ‘cieret
277 3197 373 3256 Multa
397 3199 577 3274 experiendo
598 3201 728 3266 confieri,
752 3218 826 3274 quae
850 3201 988 3273 segnibus

116 3298 225 3354 ‘ardua
240 3297 403 3356 videantur.
445 3297 565 3356 Frustra
587 3299 736 3357 sitentium
750 3303 780 3354 et
799 3299 884 3355 fidem
899 3297 929 3353 in
945 3301 988 3352 tot

115 3396 318 3455 ‘consciorum
342 3397 449 3455 animis
463 3402 492 3456 et
506 3397 673 3470 corporibus
688 3395 807 3469 sperari.
848 3393 999 3450 cruciatu·

116 3501 188 3553 ‹aut
216 3493 345 3569 praemio
371 3500 480 3555 cuncta
506 3497 609 3568 pervia
636 3510 710 3550 eene.
750 3491 910 3553 Venturos,
939 3491 989 3560 qut

1004 3653 1033 3763 f
