2100 3816
68 168 195 218 a.c.or.
301 166 474 218 sra.xv1.
526 169 602 216 car.
623 151 789 218 15.-17.
866 150 936 220 109

69 323 147 396 lugia
168 321 260 378 villae
275 321 391 388 clausit,
410 321 487 380 iussa
503 323 685 396 imperatoris
706 325 822 384 Ostorio
834 326 936 400 aperit.

72 427 100 482 ls
121 425 323 484 tortitudinem
346 427 500 486 adversu-
522 428 618 486 hostes
632 445 719 502 saepe
731 437 892 502 spectatam
906 433 938 490 in

72 541 102 580 se
123 526 223 582 vertit.
264 525 313 590 lu,
337 525 406 600 quia
431 543 534 592 venne,
559 545 729 601 quamquam
751 529 938 601 interruptae,

73 640 169 696 parum
182 626 335 698 sauguinis
348 623 544 692 effundebant,
568 627 708 684 hactenus
723 681 726 688 ,
742 643 829 684 manu
859 627 939 684 serui

73 739 147 789 usus,
167 729 198 780 ut
211 725 354 782 inmotum
369 723 523 798 pugionem
535 727 700 794 extolleret,
714 725 856 800 adpressit
869 727 939 784 dex·

75 821 535 896 trameius,iuguluqueoccurrit.
577 823 673 882 Etiam
684 824 710 882 si
719 826 796 882 bella
807 831 989 914 exterunle
1039 821 1040 916 l

74 925 103 976 et
114 921 206 978 obitos
221 939 272 992 pro
287 922 450 994 Republica
464 928 569 978 mortes
580 929 792 983 tuntucasuum
805 923 938 990 similitu-
1039 957 1040 992 2

77 1019 140 1076 dinc
164 1037 373 1084 memoraremr
407 1037 510 1091 meque
536 1021 630 1094 ipsum
657 1023 777 1080 satietas
802 1023 939 1096 cepisset,
1039 1021 1040 1024 ’

75 1118 246 1192 aliorumque
268 1119 396 1176 taedium
416 1125 627 1192 exspectarem,
653 1121 786 1195 quumvis
801 1123 938 1180 honestos

76 1217 180 1274 cisium
195 1218 303 1284 exitus,
316 1218 412 1274 tristes
427 1223 528 1298 tamen
538 1224 568 1274 et
590 1219 744 1277 continuos
766 1222 939 1294 adspernan-

78 1314 151 1372 lium.
195 1318 237 1374 At
252 1332 330 1374 nuuc
345 1316 486 1388 patientia
507 1317 631 1384 servilis,
646 1325 812 1393 tantumque
825 1319 940 1393 sangui·

77 1413 118 1470 nis
137 1415 215 1472 domi
245 1415 398 1488 perditum,
425 1415 548 1488 seligant
577 1416 715 1482 animum,
734 1423 770 1480 et,
793 1418 940 1476 moestitia

78 1515 256 1586 restringunt.
299 1515 403 1588 Neque
423 1515 510 1574 alium
530 1514 730 1572 defensionem
752 1515 790 1572 ab
813 1515 859 1581 iis,
879 1514 939 1588 qui·

78 1613 125 1670 bus
154 1613 211 1670 ista
245 1619 413 1680 rroscenlur,
446 1613 604 1686 exegerim,
637 1629 733 1686 quum,
767 1613 939 1670 penderint

78 1715 132 1768 um
150 1711 281 1786 segniter
302 1715 465 1784 pereuntes.
506 1713 554 1770 lra
580 1711 639 1770 illa
659 1709 819 1768 Numicum
840 1710 872 1768 in
892 1727 938 1768 res

79 1810 219 1868 Romanas
234 1810 298 1876 luit,
311 1828 397 1884 quam
411 1827 479 1878 nou,
493 1816 525 1868 ut
547 1808 578 1868 iu
601 1811 732 1868 cladibus
757 1811 938 1868 exercituum

78 1915 121 1966 unt
133 1909 308 1982 captivitate
323 1908 444 1975 urbium,
463 1910 553 1966 semel
578 1909 686 1968 editam
711 1909 831 1968 transire
855 1909 936 1968 licet.

78 2008 165 2066 Detur
186 2011 244 2066 boc
269 2009 432 2066 inlustrium
456 2009 583 2066 virorum
607 2008 776 2081 posteritati,
800 2014 840 2076 ut,
870 2025 938 2084 quo·

77 2109 155 2166 modo
168 2108 316 2184 exsequiis
330 2125 348 2165 a
362 2107 523 2181 promiscua
537 2109 683 2179 sepultura
696 2113 873 2180 separentur,
887 2107 937 2171 ita,

77 2206 103 2264 iu
117 2207 272 2264 traditione
292 2223 498 2280 supremorum,
518 2205 666 2280 accipiant
679 2206 861 2280 habeantque
876 2221 939 2276 pro·

78 2306 161 2378 priam
173 2305 352 2364 memoriam.
393 2305 506 2362 Paucos
526 2303 632 2378 quippe
646 2303 723 2362 iutra
744 2302 817 2369 dies,
834 2301 937 2358 eodem
951 2316 988 2377 l?

76 2405 195 2478 agmine,
226 2406 368 2462 Annaeus
399 2401 499 2471 Mella,
526 2399 808 2467 cerialisnnictus,
838 2400 938 2458 Rufius

78 2504 223 2577 Crispinus
237 2520 273 2558 ac
288 2501 324 2559 Ο.
337 2501 490 2560 Petronius
499 2500 644 2560 cecidere.
686 2499 778 2558 Mella
789 2503 820 2556 et
830 2497 938 2570 Crispi·

78 2620 136 2669 nus,
147 2601 271 2676 Equites
292 2600 427 2664 Romani,
448 2599 590 2673 dignitate
616 2598 779 2656 Senatorio.
800 2615 868 2656 num
888 2597 937 2654 bic

75 2703 215 2775 quondam
234 2698 403 2758 Praefectus
417 2697 568 2768 Praetorii,
582 2703 612 2754 et
627 2697 833 2755 Consularibus
850 2697 937 2772 insig-

75 2799 154 2858 nibus
180 2801 316 2865 donatus,
343 2813 378 2855 ac
404 2815 496 2870 nuper
521 2796 644 2854 crimine
670 2795 878 2854 coniurationis
904 2797 936 2856 iu

76 2897 237 2956 Sardiniam
268 2905 401 2962 exactus,
427 2901 552 2969 accepto
580 2895 675 2952 iussae
705 2895 803 2952 mortis
824 2896 937 2964 nuntio,

75 3003 163 3055 semet
186 2994 344 3054 iulerl'eeit.
386 2994 488 3063 Mella,
512 2992 613 3068 quibus
638 2991 738 3052 Gellio
760 2998 791 3050 et
812 2995 937 3062 Seneca,

75 3096 239 3170 parentibus
255 3099 350 3162 natus,
373 3093 514 3167 petitione
529 3093 669 3150 honorum
693 3091 871 3150 abstinuerat
886 3107 938 3165 per

104 3289 221 3346 Dignitutc
239 3287 362 3360 Senqtcn'n]
403 3287 456 3334 Nou
478 3286 538 3334 enim
556 3301 636 3358 revera
658 3286 784 3356 Senatores,
804 3285 843 3332 sed
861 3283 941 3387 oqilbus

78 3363 104 3453 33
111 3349 227 3464 sfil'eqdore
236 3363 306 3396 curru
316 3349 449 3395 Senatorum
464 3359 536 3408 pares.
568 3345 663 3408 Equrtes
673 3345 777 3392 illustres.
794 3341 855 3400 urps.
905 3341 942 3384 ute

115 3506 185 3558 rou,
205 3507 241 3546 rr.
558 3489 595 3542 10
