2100 3816
103 185 172 255 116
447 203 632 252 sanacrrar
825 206 855 272 a.
872 203 900 254 v.
916 207 975 255 aas.

98 363 180 416 ‘rum
204 357 295 463 pydor
314 363 442 430 caperet,
466 357 554 416 inrita
587 375 640 430 spe
664 356 786 430 agitari:
821 359 971 432 multoque

98 462 107 492 ‘
118 457 210 531 negti
225 457 394 523 timendum,
414 474 451 514 ne
473 457 503 514 in
528 457 692 528 coniugem,
710 455 742 512 in
764 455 915 524 familiana,
935 457 971 514 in

96 561 214 614 ‘cetera
229 557 349 629 pignora
370 555 431 614 eius
445 555 582 612 saeviret.
625 555 752 612 Proinde
766 555 968 622 intemeratus,

97 655 282 728 ‘inpollutus‚
295 671 413 729 quorum
429 653 560 727 vestigiis
575 660 605 710 et
618 653 722 712 studiis
735 655 827 712 vitem
837 653 967 724 duxerit,

98 759 217 812 ‘eorum
231 755 322 828 gloria
344 758 452 825 peteret
465 751 571 810 linem!
614 754 726 810 Aderat
734 753 859 810 consilio
870 753 969 810 Rusti-

11 835 12 840 *
97 867 150 912 cus
174 855 326 920 Arulenus,
357 851 479 924 flagrans
504 851 629 918 iuvenis,
660 861 689 906 et
711 851 850 924 cupidine
875 850 970 908 landis

96 951 245 1015 offerebat,
258 959 306 1006 ‘se
331 950 553 1010 intercessurum
575 950 702 1006 Senatus
724 952 878 1007 consulto:
901 965 969 1007 narn
1038 957 1039 1004 t

98 1048 349 1134 plebis'Pribnnrre
359 1055 429 1104 erat.
471 1048 807 1118 uoniouitspiriruseius
822 1047 971 1116 Thrasea,
1038 1077 1039 1100 t

97 1152 155 1204 ‘ne
171 1165 247 1204 vena
260 1157 290 1204 et
305 1163 354 1204 reo
379 1163 435 1202 non
457 1146 609 1218 protutura,
622 1145 807 1204 intercessori
830 1143 969 1212 exitiosa,
1038 1149 1039 1154 ’

98 1244 269 1316 ‘inciperet
311 1245 375 1300 Sibi
398 1250 493 1302 actam
517 1250 653 1310 aetatem,
676 1252 706 1300 et
730 1253 772 1301 tot
796 1261 847 1316 per
871 1261 967 1300 annos
1038 1279 1039 1294 r

97 1340 283 1400 ‘continuum
312 1343 391 1400 ritae
417 1343 549 1400 ordinem
577 1362 637 1400 nou
669 1345 880 1402 deserendum:
917 1343 963 1400 illi

96 1440 230 1498 ‘initium
259 1441 480 1513 Magistratuurn
506 1448 536 1498 et
563 1442 687 1515 integra,
707 1461 780 1517 quae
807 1442 966 1512 supersint.
1038 1435 1039 1506 1

97 1539 244 1596 ‘Multum
258 1546 326 1596 ante
347 1555 447 1596 secum
459 1541 651 1611 expenderet,
664 1542 750 1613 quod,
771 1540 823 1596 tali
844 1540 875 1596 in
890 1547 962 1596 tem·
1038 1559 1039 1572 ¹

97 1643 196 1710 ‘pore‚
222 1639 418 1710 reperiendae
450 1637 641 1709 Reipublicae
664 1639 720 1696 iter
745 1635 967 1712 ingrederetur!
1038 1685 1039 1712 1

98 1736 235 1794 Ceterum
250 1737 320 1807 ipse,
333 1754 371 1792 an
387 1735 488 1794 venire
501 1736 532 1794 in
545 1738 684 1794 Senatum
697 1739 825 1798 deceret,
839 1736 961 1794 medita·
1038 1777 1039 1790 a

46 1843 86 1904 27
98 1835 170 1890 linui
185 1853 254 1890 suae
269 1835 393 1908 reliquit.
437 1837 478 1892 At
490 1843 602 1908 postera
614 1837 772 1901 luce‚duae
795 1835 965 1892 Praetoriae

97 1934 371 1990 cohortesarmstse
386 1937 525 2005 templum
549 1933 718 1990 Genetricis
742 1933 870 1988 Veneris
890 1933 966 1990 inse·
1038 1947 1039 1964 ³

97 2030 175 2086 dere.
220 2029 339 2088 Aditum
356 2032 481 2088 Senatus
501 2033 603 2104 globus
622 2039 781 2104 togatorum
801 2034 967 2098 obsederet,

97 2145 157 2186 nou
171 2129 294 2186 occultis
307 2129 426 2202 gladiis:
447 2130 625 2203 dispersique
640 2149 691 2203 per
704 2131 762 2188 lora
777 2148 814 2187 ac
828 2131 967 2188 positione
1038 2193 1039 2216 ¹

98 2227 185 2285 cunei
210 2228 358 2285 militares.
379 2227 456 2286 iuter
481 2247 601 2302 quorum
628 2231 783 2300 adspectus
810 2236 840 2284 et
870 2230 966 2286 ruinas
1038 2279 1039 2288 ,

97 2326 220 2400 ingressi
244 2327 353 2384 curiam
379 2329 544 2384 Senatores.
586 2327 624 2386 Et
647 2329 740 2384 oratio
754 2327 900 2400 Principis
916 2345 967 2398 per

98 2427 290 2494 Quaestorem
322 2427 385 2484 eius
412 2427 510 2484 audita
543 2432 597 2484 est.
640 2427 757 2484 nemine
792 2425 965 2490 aqminatim
1038 2487 1039 2494 1

97 2528 282 2596 compellato.
305 2532 400 2596 patres
427 2527 573 2598 arguebat,
604 2527 699 2598 ‘quod
722 2527 837 2596 publica
865 2526 965 2582 munis

97 2625 291 2690 ‘desererent²
315 2640 468 2696 eorumque
496 2626 633 2695 exemplo
653 2624 774 2697 Equites
805 2624 889 2680 Rom.
926 2623 964 2682 ad
1038 2633 1039 2698 ff

96 2721 269 2793 ‘segnitiam
284 2727 472 2778 verterentur.
514 2723 642 2787 Etenim,
662 2723 730 2796 quid
746 2722 857 2786 mirum,
872 2741 889 2778 e
905 2724 965 2780 lou·
1038 2707 1039 2734 ¹

97 2819 227 2893 ‘ginqnis
272 2818 432 2890 provinciis
465 2820 541 2878 haud
584 2821 688 2887 veniri,
721 2838 787 2878 uum
823 2821 964 2893 plerique,
1038 2803 1039 2892 1

98 2917 214 2991 ‘adepti
243 2919 433 2976 Consulatum
460 2923 490 2974 et
520 2919 698 2986 Sacerdotis,
721 2921 866 2976 hortorum
892 2919 963 2991 poti·
1038 2913 1039 2986 1

99 3025 149 3076 ‘us
190 3016 360 3075 amoenitati
397 3017 571 3075 inservirent
587 3017 603 3074 :’
647 3019 722 3092 quod
749 3019 831 3073 velut
873 3021 963 3074 telum

47 3118 249 3198 28adripuere
278 3117 470 3176 adcusalcres.
511 3118 560 3180 ut,
587 3116 702 3174 initium
721 3113 857 3174 iaciente
890 3117 959 3174 cos·

99 3217 229 3284 sutiano,
244 3216 351 3272 maiore
380 3215 411 3270 vi
441 3214 608 3280 Marcellus,
629 3225 788 3274 ‘summanr
819 3215 964 3288 llenrpuli-

98 3319 209 3376 ‘licam
239 3313 304 3390 agi?
343 3313 528 3370 clamitabat:
561 3315 764 3372 ‘contumacia
796 3313 961 3370 interiorum

98 3417 269 3475 ‘lenitatem
283 3410 629 3484 lmperitantisdsminni.
673 3398 802 3468 Nimium
819 3412 904 3468 mites
925 3412 959 3468 ed
1038 3421 1039 3494 t

98 3526 181 3596 fleam
199 3512 278 3571 diem
292 3510 402 3578 Patres,
422 3507 472 3584 qui
492 3508 655 3568 Thraseam
676 3509 889 3579 deciscentem,
915 3508 960 3585 qui
1038 3495 1039 3586 1
