2100 3834
84 207 114 257 s.
131 201 160 256 c.
176 209 215 258 ru
320 187 768 260 urs..1u.ene.4ti.-48.
883 193 957 264 293

86 361 192 420 Dauus
207 361 427 437 Germanusque
441 363 551 422 diversi
564 365 751 438 inrupissent.
795 366 907 433 Adtutt,
926 373 959 427 ut

85 477 177 534 saepe
197 461 282 526 ntiae,
306 462 433 518 Fortuna
458 463 562 535 Populi
586 464 673 522 Rom.
693 481 768 539 quas
789 466 958 525 Mucianum

86 559 225 634 viresque
256 559 385 618 Orientis
412 561 482 620 ittue
511 562 592 619 tutit:
626 570 658 620 et
690 566 766 638 quod
795 565 957 624 Cremonae

87 658 208 715 iuterim
238 659 437 732 transegimus.
479 661 621 718 Fonteius
651 663 782 737 Agrippn
810 683 847 722 en
885 665 959 724 Asia

87 753 156 834 (pro
177 759 308 816 Consule
321 775 386 814 eam
401 759 582 831 provinciam
596 777 693 818 annuo
715 761 837 834 imperio
859 767 958 821 tenue·

82 854 144 934 rat)
166 856 300 914 Moesiae
315 859 493 929 praepositus
508 867 550 915 est
566 879 574 914 r
595 861 701 917 additis
721 862 816 934 copiis
830 879 847 917 e
862 861 958 920 Vitet·

11 993 12 996 η
85 955 169 1012 tiano
181 955 322 1024 exercitu,
336 974 421 1030 quern
435 957 533 1029 spargi
546 975 596 1031 per
605 959 781 1029 provincius,
794 966 825 1016 et
835 965 959 1017 externo

73 1054 168 1110 ·betto
182 1055 308 1127 inligari,
323 1071 387 1126 pars
401 1055 518 1112 consitii
533 1055 669 1130 pacisque
687 1063 757 1114 erat.
801 1059 866 1116 Nea
880 1065 957 1116 ests·

89 1167 141 1208 rne
170 1153 305 1208 nationes
331 1153 468 1210 silebant.
518 1155 621 1211 Subita
650 1174 700 1227 per
732 1157 856 1215 Pontum
878 1175 956 1215 arma
967 1157 1008 1218 eti

88 1250 243 1309 barbarum
259 1252 445 1324 mancipium,
462 1253 571 1326 Regiae
585 1256 727 1327 quondam
749 1258 849 1312 elassis
872 1257 957 1314 Prae·

88 1353 194 1416 t‘eetus,
223 1358 362 1406 moverat.
383 1349 481 1408 tatuit
510 1352 663 1416 Anicetus,
686 1353 852 1410 Putemunia
875 1355 960 1416 tibere

88 1455 145 1513 tus,
158 1453 333 1522 praepotens
347 1449 426 1513 otim,
440 1457 479 1515 et,
494 1459 644 1524 postquam
657 1467 776 1525 regumn
791 1453 821 1508 iu
837 1453 957 1510 turmam

90 1547 264 1623 prouinciae
295 1553 430 1613 verteret,
466 1549 632 1606 mutationis
663 1549 819 1621 inpatiens.
866 1550 959 1622 Igitur

88 1647 211 1706 Vitettii
245 1646 373 1710 nomine,
401 1647 521 1704 adscitis
555 1647 698 1720 gentibus,
725 1664 798 1720 qrrne
832 1647 958 1705 Pontum

90 1747 242 1809 adnotant,
262 1751 405 1818 conrupta
423 1744 454 1802 iu
479 1761 560 1817 suern
585 1745 747 1818 rapinarum
770 1745 959 1819 egentissimo

90 1861 215 1920 quoque,
230 1843 306 1899 haud
329 1845 504 1901 temnendae
530 1859 630 1899 manus
655 1845 766 1911 duntur,
790 1843 959 1917 't‘rapesuu-

90 1947 160 2011 tem,
176 1949 293 1998 vetusta
306 1942 382 1999 saura
396 1941 559 2004 civitatem,
573 1958 590 1996 a
617 1941 749 2010 tirannis,
773 1942 803 1999 in
827 1950 960 2000 extremo

90 2041 238 2100 Ponticae
251 2057 320 2096 orae
343 2041 500 2106 constitum,
512 2039 621 2096 subitus
644 2040 761 2112 inrupit.
803 2042 898 2099 Caesa
919 2041 960 2098 ibi

90 2141 208 2206 eonon,
229 2139 353 2213 Regium
368 2139 509 2195 auxilium
530 2139 612 2204 otim,
632 2155 699 2194 mox
714 2139 814 2194 donati
837 2139 961 2195 civitate

91 2239 237 2304 Romana,
250 2237 335 2312 signa
348 2255 483 2312 aruanue
497 2237 527 2294 iu
542 2243 669 2294 uestrum
684 2237 807 2304 nouum,
818 2236 961 2294 desidiam

92 2339 302 2412 licentiamque
315 2337 503 2403 (insanorum,
517 2336 692 2393 retinebant.
733 2333 829 2391 cranei
849 2350 961 2408 quoque

91 2437 175 2494 tenes
187 2435 296 2501 intulit,
307 2451 401 2492 vauun
412 2434 493 2502 mari,
502 2436 631 2501 studens,
640 2433 707 2506 quia
721 2431 892 2490 lectissimas
913 2431 963 2490 Li·

88 2535 288 2598 burniuarum,
302 2549 477 2608 omnemque
486 2532 609 2590 mititem
620 2531 774 2590 Munianus
786 2531 963 2604 Bynautium

90 2636 241 2708 adegerat.
285 2632 363 2705 Quin
378 2637 409 2688 et
424 2631 537 2688 barbari
554 2630 747 2704 contemptim
773 2631 963 2704 vagabuntur,

94 2732 245 2791 febrientis
267 2737 386 2804 repente
410 2730 543 2796 navibus,
566 2717 713 2806 (numurus
734 2727 856 2808 vueant)
876 2729 964 2786 aretis

95 2831 246 2897 lateribus,
261 2833 320 2888 tata
334 2833 412 2894 atvu,
426 2829 490 2886 siue
506 2828 625 2885 vineato
644 2830 720 2886 aeris
745 2837 794 2886 aut
814 2827 881 2885 terri
896 2837 964 2885 cun·

96 2947 195 2990 nexa:
217 2934 248 2986 et
262 2929 372 2986 tumido
393 2927 475 2993 mari,
490 2932 572 3000 prout
597 2925 689 2984 fluxus
714 2927 870 2991 adtottitur,
889 2945 964 2984 surn-

95 3045 145 3088 ms
175 3028 296 3084 navium
320 3026 425 3084 tabuiis
450 3031 567 3100 augent,
587 3026 682 3083 donee
703 3026 734 3083 in
756 3027 872 3083 modum
892 3025 965 3086 teeti

95 3127 278 3186 utaudantnr.
322 3124 373 3182 Sia
394 3124 471 3181 inter
492 3125 582 3181 undas
608 3125 773 3192 volvuntur,
788 3124 850 3198 pari
869 3124 966 3182 utrius·

98 3243 155 3302 que
180 3242 273 3299 prora,
298 3228 329 3280 et
356 3223 489 3280 mutabili
517 3222 646 3296 remigio,
668 3225 783 3297 quaudo
811 3223 881 3280 trine
915 3223 982 3280 vet·

97 3326 182 3383 ittinu
207 3323 354 3396 adpettere
374 3322 563 3378 indiscretum
584 3326 615 3377 et
635 3320 788 3377 innoxium
808 3325 862 3376 est.
905 3296 1036 3394 Art-4¹83

98 3423 249 3486 ventites
273 3439 318 3478 res
342 3419 520 3493 Vespasiani
542 3417 680 3484 animum,
705 3423 735 3477 ut
759 3414 964 3474 vexittarius,s
1035 3397 1036 3423 ³
