2100 3834
97 203 130 253 a
146 204 173 252 c.
189 207 227 254 ro.
330 203 399 251 urs.
417 203 469 252 rrr.
519 204 598 252 ose.
628 133 687 253 bl.
712 186 771 252 55.
895 181 969 252 299

61 399 67 404 -
94 359 265 432 augendae.
279 357 373 415 lamae
398 362 527 425 deerant,
546 366 647 432 uaptos
672 357 789 416 Vitellii
809 360 970 432 explorato·

97 473 146 514 res
173 457 456 534 circumductosque,
487 466 519 516 ut
546 461 648 516 robora
676 458 796 516 victoria
823 459 970 515 exercitus

98 562 267 616 moerent,
293 559 485 616 remittendo:
519 575 589 632 quos
619 575 721 614 omnes
753 557 901 626 Vitellius,
928 573 970 612 se·

96 662 181 712 oreto
206 663 420 728 percunctatus,
445 658 571 714 interliei
599 657 690 714 iussit.
743 656 876 712 Notabiti
903 672 971 712 onu-

97 755 211 811 stantio
237 755 387 822 Centurio,
412 757 502 813 lulius
526 758 666 832 Agrestis,
695 764 758 830 post
782 759 886 814 multoe
914 773 970 812 ser·

97 869 214 918 mones,
228 853 330 927 quibus
345 855 500 912 Vitellium
523 859 560 913 ad
586 857 723 914 virtutem
746 857 847 912 trustra
867 873 971 912 anneu-

95 953 197 1017 debat,
215 955 349 1025 perpulit,
364 959 395 1010 ut
410 955 446 1012 ad
462 955 539 1011 vires
554 955 677 1012 bostium
689 956 871 1028 spectandas,
886 972 971 1028 quae-

98 1069 157 1126 que
183 1054 262 1124 apud
291 1053 467 1110 Cremonam
494 1060 559 1110 acta
585 1054 687 1119 forent,
712 1055 774 1126 ipse
800 1057 969 1111 mitteretur.

98 1149 167 1206 Neo
190 1152 393 1223 exploratione
406 1154 522 1209 occulta
537 1133 636 1210 tallere
659 1153 819 1210 Antonium
834 1153 971 1219 tentavit,

96 1251 150 1306 sed
166 1253 305 1308 mandata
320 1254 505 1324 Imperatoria
519 1239 657 1326 suumque
668 1253 796 1310 animum
817 1255 970 1327 protessus,

96 1355 130 1405 ut
144 1355 256 1406 onnola
276 1349 392 1416 viseret,
414 1353 546 1423 postulat.
589 1351 684 1418 Missi,
705 1353 753 1425 qui
776 1355 870 1408 locum
891 1369 971 1424 proe-

96 1447 141 1514 lii,
157 1449 322 1505 Cremonae
347 1451 481 1523 vestigia,
509 1456 609 1522 captas
633 1449 761 1523 legiones
776 1452 972 1516 ostenderent,

99 1547 239 1620 Agrestis
254 1548 290 1604 ad
315 1548 470 1605 Vitellium
491 1549 643 1616 remeavit,
657 1547 861 1620 abnuentique,
882 1554 972 1604 ‘vera

94 1652 193 1710 ‘esse,
207 1663 280 1719 quae
295 1645 439 1712 adferret?
452 1657 538 1722 atque
552 1649 628 1704 ultro
641 1654 649 1680 ‘
661 1643 841 1718 eonnrptnm'
852 1663 972 1719 arguen-

95 1745 139 1814 ti3
161 1745 433 1820 ‘quandoquidern’
446 1747 550 1822 inquit,
572 1755 579 1780 ‘
592 1763 697 1821 magno
710 1747 887 1802 documento
900 1763 972 1818 opus

98 1848 174 1910 ‘est
198 1859 254 1901 uso
279 1845 352 1902 alius
377 1845 434 1902 iarn
457 1847 511 1902 tibi
525 1851 573 1902 out
589 1845 677 1910 vitae,
692 1851 741 1902 aut
770 1846 867 1901 mortis
889 1852 971 1903 meae

94 1947 197 2012 ‘usus‚
211 1945 295 2012 dabo,
317 1945 365 2002 oui
389 1943 511 2002 credas.'
531 1949 616 2018 atque
636 1944 849 2021 trangressus,
871 1949 971 2002 volun·

96 2037 175 2096 tario
190 2041 281 2093 morte
296 2037 374 2093 diota
390 2038 524 2094 firmavit.
548 2041 674 2108 Quidam
689 2038 784 2092 ‘iussu
797 2037 918 2093 vitettn
930 2040 972 2094 in·

95 2136 293 2204 ‘terleotum3
314 2137 351 2192 de
370 2136 427 2192 lide
446 2134 677 2208 onustantiaque’
692 2137 804 2199 eadern,
819 2138 971 2192 tradidere.

98 2235 255 2301 Vitellius,
269 2240 300 2290 nt
314 2253 331 2290 e
345 2251 447 2290 somno
460 2234 585 2300 excitus,
599 2240 608 2265 ⁶
620 2234 723 2290 lulium
737 2233 867 2289 Priscum
878 2239 908 2288 st
921 2236 972 2290 Al·
984 2233 1024 2289 55

98 2334 251 2408 ⁸pnenam
276 2333 388 2389 Varum
419 2348 486 2389 oum
509 2331 724 2406 quatuordecim
750 2331 905 2387 Praetorits
925 2349 972 2388 oo

97 2434 251 2492 ‘hortibus
264 2439 296 2490 et
310 2433 444 2490 omnibus
464 2433 593 2507 equitum
614 2433 668 2489 alis
681 2432 814 2488 obsidere
842 2433 972 2504 Apenni-

97 2531 199 2591 ⁸num’
213 2533 302 2590 iubet.
325 2533 433 2589 Secuta
448 2549 465 2588 e
486 2532 618 2588 olassicis
633 2531 719 2604 legin.
741 2531 804 2586 'l'ot
824 2531 917 2587 millia
930 2547 972 2586 ar·

100 2639 255 2698 matorum,
271 2634 348 2688 lecta
368 2630 448 2706 equis
463 2631 599 2705 virisque,
613 2630 638 2686 si
654 2631 723 2686 Dux
745 2629 820 2686 alins
834 2629 915 2695 toret,
930 2628 971 2686 in·

98 2733 222 2791 terendo
235 2747 347 2805 quoque
368 2731 446 2786 bello
466 2729 536 2786 satis
552 2730 710 2802 pollebant.
733 2731 857 2786 Ceterae
871 2729 971 2786 cobor-

98 2837 146 2890 tes
161 2831 197 2887 ad
212 2830 349 2886 tuendam
364 2831 462 2885 urbem
476 2829 512 2885 L.
529 2827 655 2884 Vitellio
669 2827 749 2883 tratri
770 2829 865 2886 (lutae.
895 2829 972 2902 lpse,

98 2929 211 2988 nihile
230 2927 317 2984 solito
337 2929 407 2984 luxu
419 2927 578 2993 remittens,
598 2933 628 2982 et
644 2926 805 2983 diffidentia
826 2943 972 3000 properus,

99 3027 242 3086 festinare
263 3025 391 3093 comitia,
415 3025 517 3100 quibus
543 3025 685 3083 Consules
699 3025 730 3083 iu
752 3029 856 3084 multos
880 3043 973 3084 annos

99 3127 284 3185 destinabat:
318 3125 435 3182 foedera
454 3124 551 3194 sociis,
580 3124 698 3183 Latium
721 3127 861 3194 externis,
887 3127 972 3183 dilar-

131 3279 212 3326 Soeuta
221 3293 232 3324 a
242 3279 337 3326 eumen
346 3279 411 3339 legio]
442 3277 642 3335 legtoectmtdr
656 3293 701 3340 quo
715 3280 783 3326 morlo
796 3283 857 3332 nata,
873 3293 895 3324 v.
907 3293 972 3338 supra

101 3356 122 3387 e.
133 3342 172 3443 bt)i
199 3339 234 3442 fat
241 3338 298 3443 {tiliae
308 3349 398 3399 quoqua
405 3354 419 3384 a
427 3338 518 3387 classica
532 3337 614 3384 militia
623 3338 653 3384 ad
663 3339 795 3398 pedestrem,
810 3345 835 3384 ut
845 3339 972 3383 honoratio·

102 3413 152 3447 retu
173 3411 198 3443 ru
215 3411 241 3443 uo
261 3431 266 3443 .

133 3475 230 3522 Initum
238 3474 344 3534 aeternis]
375 3473 470 3520 Tirones
480 3473 592 3527 monendi,
608 3473 680 3518 trtius
695 3471 826 3518 latinitatis
835 3471 973 3530 intelligant,

109 3549 156 3586 uon
165 3540 254 3602 partem
265 3533 353 3591 ltaliae,
363 3547 420 3594 quae
429 3532 519 3581 latium
529 3535 616 3576 rotata
647 3529 708 3575 Em.
