2158 3820
128 165 159 217 u
173 166 256 236 can
357 165 429 214 ara.
456 165 528 216 arv.
571 165 649 214 car.
667 143 835 214 37.-39.
952 141 1000 212 29

128 317 202 378 iussa
225 319 330 384 Ducis,
345 337 378 376 se
398 321 492 392 ipsum
515 319 615 396 gladio
635 321 783 394 transegit.
824 317 1053 380 contractatis

130 419 236 476 deinde
250 419 349 478 omnis
371 420 519 476 exercitus
542 420 596 476 sub
618 419 740 492 pellibus
762 418 875 476 babitus
889 425 943 486 est,
964 417 1003 474 cd

130 520 238 592 reliqua
254 519 326 574 belli
353 517 553 589 perpetranda·
595 518 745 592 Auxitque
759 517 859 590 copias
884 517 1003 584 Caesar,

131 618 223 676 missis
251 638 269 676 e
295 616 457 674 Germania
479 616 589 673 duobus
616 615 838 689 legionariorum
866 615 1002 684 millibus,

131 725 197 776 octo
210 716 399 772 auxiliarium
413 715 580 772 cohortibus
598 732 633 770 ac
650 715 730 772 mille
753 713 915 790 equitibus:
936 729 1002 789 quu-

132 833 191 874 mm
205 817 339 872 adventu
354 812 463 870 nonani
479 813 639 887 legionario
662 814 756 870 milite
775 815 899 888 snrrpleti
918 819 1001 886 sunta

133 916 265 972 cobortes
279 915 403 986 alaeque
418 913 504 968 novis
519 912 714 970 hibernaculis
732 915 855 978 locatae,
869 915 1001 988 quodque

132 1014 281 1070 nationum
306 1011 474 1084 ambiguum
493 1018 542 1068 out
556 1013 709 1070 adversum
727 1011 828 1076 luerat,
840 1012 901 1086 igni
916 1024 1001 1086 atque

132 1111 204 1168 lerro
226 1117 367 1168 vastatur.
412 1111 471 1166 Sed
486 1110 559 1167 nibil
583 1127 684 1184 aeque.
706 1129 791 1186 quam
804 1111 904 1178 lumea,
923 1111 1003 1172 addi·

127 1216 216 1286 ¹gebat
240 1209 374 1266 serendis
395 1209 524 1282 frugibus
547 1209 715 1273 incuriosos,
740 1215 769 1266 et
796 1211 876 1270 omni
905 1217 1002 1268 aetate

130 1311 165 1366 sd
182 1312 290 1366 bellum
308 1326 401 1372 versa,
415 1309 482 1364 dum
505 1317 615 1364 nostros
636 1315 814 1366 commeatus
835 1310 892 1366 sibi
915 1308 1003 1368 desti·

129 1415 218 1466 nant:
242 1415 404 1482 gentesque
421 1407 604 1480 praeferoces
619 1410 727 1468 tanlius
739 1411 776 1466 ad
801 1427 903 1482 pacem
918 1408 1003 1466 incli-

128 1515 219 1566 nant:
242 1507 310 1582 quia
326 1508 417 1574 lulius
438 1506 646 1573 classicianus,
668 1525 819 1566 successor
840 1509 915 1565 uaro
936 1507 1003 1568 mis·

129 1625 186 1668 sus.
215 1615 247 1662 et
278 1607 421 1662 Suetonio
444 1606 564 1670 uacua,
584 1608 691 1664 bonum
715 1608 860 1679 amblicum
881 1607 1003 1679 priumie

128 1704 327 1764 simultatibus
348 1705 526 1776 inpediebat.
547 1706 925 1780 disperseratque,‘aovum
947 1707 1003 1764 Le·

129 1810 251 1880 ‘gatnm
272 1803 481 1876 orruerieudum
495 1822 569 1868 esse,
580 1804 644 1862 sine
658 1805 757 1862 hostili
771 1805 854 1862 irael
868 1805 1003 1878 superbia

129 1903 275 1960 ‘victoris
298 1905 459 1960 clementer
475 1899 582 1960 deditis
604 1901 822 1962 consulturum-²
864 1906 956 1962 Simul
971 1903 1003 1962 in

128 2004 232 2060 urbem
248 2003 413 2067 mandabat,
428 2001 776 2073 ‘nullumproeliolinem
787 2006 1003 2076 exspectarent,

129 2101 207 2158 ‘nisi
221 2101 426 2158 succederetur
441 2098 613 2158 Suetonio?
631 2099 713 2158 cuius
727 2103 850 2158 adversa
865 2101 1004 2174 pravitati

129 2200 241 2274 ipsiusr
263 2217 397 2272 prospera
420 2201 455 2256 ad
471 2198 613 2256 fortunam
633 2200 828 2272 ‘Reipublicae
853 2201 1002 2258 rescrebat.

130 2298 227 2372 igitur
239 2299 276 2354 ad
292 2299 482 2366 strectandum
493 2297 664 2354 Britanniae
678 2306 785 2356 statum
796 2299 898 2356 missus
909 2307 951 2356 est
964 2307 1056 2364 exuat)

129 2398 245 2456 libertis
268 2397 445 2468 Polycletus,
461 2413 566 2470 magua
593 2398 719 2454 Neronis
733 2414 793 2470 spe,
809 2414 892 2466 arouse
906 2403 1004 2456 auctu·

129 2496 219 2554 ritate
234 2496 306 2560 eius,
322 2513 380 2551 aon
396 2497 482 2552 modo
506 2495 582 2552 inter
606 2497 749 2569 Legatum
775 2495 1003 2554 Procuratorem·

131 2613 188 2670 que
217 2594 405 2652 concordiam
432 2595 522 2670 gigni,
549 2595 601 2651 sed
625 2601 655 2651 et
683 2595 805 2650 rebelles
820 2595 1003 2654 barbarorum

131 2695 247 2752 animos
271 2710 343 2766 pace
366 2694 511 2764 componi.
555 2693 620 2749 Nec
642 2692 733 2752 deluit
755 2693 932 2767 Polycletus,
946 2711 1003 2768 quo

30 2795 36 2812 ¹
131 2792 240 2859 minus,
266 2791 379 2866 ingenti
406 2794 522 2864 agmine
552 2790 656 2848 Italiae
690 2791 864 2862 Galliaeque
896 2791 1003 2866 gravis,

130 2899 287 2968 postquam
316 2881 467 2956 Oceantan
495 2890 701 2956 transmiserat,
722 2890 859 2948 militibus
890 2895 1002 2966 quoque

130 2990 240 3048 nostris
256 2987 390 3044 terribilis
405 2989 562 3045 incederet.
605 2990 663 3045 Sed
679 2989 807 3046 hostibus
829 2990 928 3046 inrisui
939 2991 1002 3057 luit,

131 3088 210 3162 apud
235 3103 315 3162 quos,
343 3085 482 3159 flagrante
502 3085 590 3142 etiam
618 3093 678 3146 turn
704 3088 846 3153 libertate,
875 3090 1002 3144 notarium

132 3188 256 3259 cognita
285 3186 451 3242 libertorum
486 3185 615 3257 potentia
642 3163 725 3242 erat:
760 3186 1003 3258 mirabanturque,

132 3286 210 3358 qnod
235 3283 305 3339 Dux
327 3289 357 3340 et
381 3281 537 3349 exercilus,
561 3283 635 3338 tanti
660 3283 729 3339 belli
742 3282 901 3346 conlector,
914 3281 1004 3336 servi·

133 3381 184 3440 tiis
207 3382 369 3440 obedirent.
411 3381 528 3441 cancta
551 3383 650 3436 tamen
678 3381 716 3438 ad
743 3380 951 3450 Imperatorem
973 3375 1007 3430 ln

177 3496 252 3538 rora
274 3495 310 3535 rr.
590 3470 639 3528 δ’
