2100 3834
107 239 180 290 cc.
196 241 236 288 ra
318 237 388 285 sla.
415 238 467 286 ιιι.
515 239 595 286 car.
621 215 790 286 23.-25.
901 217 975 286 279

105 393 214 452 baliste
237 392 405 465 ingentibus
427 391 506 449 ensis
535 392 670 450 hostilem
696 392 791 451 sciens
815 392 975 466 proruebat.

106 493 224 566 lateque
247 492 364 548 cladem
387 492 563 558 intulissent,
582 492 614 548 ni
627 493 684 548 aluo
708 492 824 555 milites,
850 492 976 563 praecio

106 607 169 648 rum
189 590 306 646 locinue
327 591 399 656 nuel,
419 591 546 662 adreptis
568 608 587 646 e
610 598 706 664 strage
728 590 819 646 ecutir
843 589 976 661 ignorati,

108 687 977 746 vinolenclibrnmenletormentornmabscidissent:statim
1038 751 1039 758 p

107 787 236 846 confossi
260 794 336 852 sont,
361 803 453 860 eoque
478 787 652 844 intercidere
680 786 816 844 nomina:
838 787 876 842 (le
899 785 977 844 lacre

106 887 177 944 irunt
212 885 376 958 ambigitur.
428 885 541 942 Neutro
567 885 764 943 inclinaverat
787 885 909 948 lnrlnnn,
928 885 977 942 slo-

107 1003 165 1044 nec
179 987 281 1042 adulta
295 992 392 1052 nocte,
411 987 479 1042 lnnn
493 1001 613 1059 surgens
636 985 802 1041 ostenderet
825 983 905 1040 ecies
928 985 978 1042 lul-

108 1087 250 1158 leretqne.
293 1085 353 1142 Serl
368 1084 521 1141 Flavianis
544 1084 691 1158 aequiore
715 1089 813 1158 tergo:
836 1083 905 1140 hino
920 1101 978 1142 rna·

107 1183 185 1242 iores
205 1199 343 1254 equorum
370 1181 552 1256 virorumque
576 1186 702 1248 umorue,
726 1183 864 1252 et'lelno,
891 1193 922 1240 ul
946 1184 978 1240 in

107 1297 241 1352 corpora,
262 1279 332 1346 ictu,
358 1283 415 1336 tela
438 1281 562 1337 hostiurn
588 1281 662 1338 citra
688 1282 851 1339 cadebant:
883 1282 978 1341 Vilel-

108 1379 184 1436 liani
207 1380 333 1434 adverso
348 1379 456 1434 lumine
477 1381 677 1447 conlucentes,
699 1381 781 1436 velut
801 1398 840 1436 ex
862 1383 979 1438 occullc

108 1476 317 1539 iaculantibus,
331 1476 442 1533 incauli
465 1477 665 1534 efferebamur.
707 1478 798 1550 Igitur
824 1479 1034 1544 Antonium

109 1576 161 1634 ubi
187 1591 308 1630 noecere
331 1591 397 1632 snos
413 1575 550 1648 nonnique
579 1580 699 1647 poterat,
724 1575 797 1631 alios
821 1577 928 1646 pudore
949 1582 981 1632 et

110 1673 234 1747 probris,
254 1674 358 1730 mullos
387 1674 472 1730 lende
498 1679 529 1730 el
555 1674 680 1739 hortatu,
711 1689 812 1730 omnes
839 1691 891 1746 spe
919 1691 980 1745 pro·

109 1773 266 1844 missisque
277 1772 453 1834 accendens,
469 1779 539 1828 ‘cur
551 1790 658 1829 rursum
669 1773 857 1844 sumpsissent
871 1788 950 1829 erma
959 1769 979 1830 l'

30 1899 37 1930 ι
104 1869 300 1935 Pannonicae
325 1869 455 1942 legiones
479 1870 692 1944 interrogabat:
714 1871 797 1927 ‘illos
816 1888 880 1928 esse
904 1887 980 1928 earn·

109 1970 193 2042 ⁸p0s,
216 1968 250 2024 in
275 1969 376 2042 quibue
401 1970 516 2026 abolere
545 1971 639 2026 labem
663 1969 764 2042 prioris
792 1969 981 2043 ignominiae,

110 2068 181 2124 ‘nbi
204 2067 365 2138 reciperare
388 2067 509 2139 gloriam
530 2065 666 2138 pressent?
707 2067 786 2124 'Pom
812 2072 848 2126 nd
874 2067 981 2124 moest-

111 2183 164 2224 σοι
189 2182 359 2231 conversus,
372 2171 380 2198 ⁸
392 2165 539 2237 principes
560 2171 749 2238 aucloreeque
774 2163 853 2222 belli’
866 2166 979 2222 ciebat:

113 2264 238 2321 ‘trustra
262 2263 348 2320 minis
372 2269 403 2319 et
425 2263 521 2320 vernis
548 2271 720 2336 provocatos
745 2263 932 2328 Vitellianos,
956 2262 982 2318 si

112 2367 236 2421 ‘manus
251 2377 349 2418 eornm
363 2364 520 2434 oculosque
545 2379 603 2418 non
618 2358 793 2418 tolerarent!
834 2360 926 2426 lineo,
952 2367 983 2416 nt

111 2475 241 2536 quosque
255 2465 434 2516 accesserat:
449 2461 529 2532 plura
539 2461 576 2516 erl
586 2443 735 2524 tertianus,
746 2464 875 2514 veterum
885 2473 983 2514 recen·

112 2560 245 2633 tiumque
258 2559 435 2614 admonens:
450 2565 480 2615 ul
494 2565 502 2590 ⁴
516 2560 569 2614 sub
583 2558 624 2614 ll.
640 2557 773 2615 Antonio
787 2557 918 2621 Parthos,
930 2556 983 2612 sub

112 2658 301 2715 ‘Corbulone
330 2655 495 2722 Armenios,
517 2673 608 2728 nuper
630 2657 777 2713 Sarmates
801 2653 985 2728 pepulisent?

116 2755 200 2819 Mox,
228 2754 369 2811 intensius
403 2754 617 2811 Praetorinnie:
642 2753 749 2820 ‘Vos,'
779 2754 882 2828 inquil,
912 2753 985 2810 ‘nisi

113 2852 266 2918 ‘vincitis‚
289 2852 487 2926 paganicum
511 2853 586 2910 nlius
610 2853 778 2924 Imperator,
801 2869 875 2926 qnae
889 2858 985 2910 eastra

116 2951 193 3008 ‘stin
208 2948 380 3022 excipient?
402 2951 468 3023 illic
489 2950 572 3024 signs
593 2968 728 3024 armaque
748 2956 844 3008 veetra
864 2957 940 3016 sunt,
954 2955 985 3006 et

114 3055 212 3106 ‘mors
228 3047 323 3106 victis.
335 3065 402 3106 nam
413 3049 602 3120 ignominiam
613 3047 851 3123 consumpsistis?
891 3048 984 3106 Vndi-

114 3165 173 3222 que
197 3147 323 3204 olnmor:
345 3151 376 3202 et
396 3147 538 3204 orientem
562 3150 652 3204 solem
677 3145 731 3215 (lta
753 3147 785 3204 in
809 3147 895 3221 Syria
924 3163 984 3202 mos

115 3241 178 3321 eet)
201 3244 319 3302 tertiani
344 3247 517 3302 salutavere.
567 3245 669 3320 Vagus
693 3245 772 3312 insle,
800 3261 837 3302 nn
860 3245 1039 3312 consilinm

147 3436 232 3498 Sentis]
263 3437 525 3496 SoufisVilelliauorurn,
541 3441 566 3484 ut
576 3435 785 3484 horlemlellerent.
