2114 3830
108 153 235 202 s.c.⁷r.
349 97 419 204 um.
438 153 484 206 rr.
535 157 612 206 ese.
630 134 689 204 59.
717 126 806 203 60.’
911 137 982 206 373

105 305 142 364 de
162 307 312 378 supremis
330 309 502 383 agitantem,
522 309 619 368 liberti
646 310 780 385 servique
801 309 982 384 prohibuere,

105 403 307 466 foedissimam
328 413 449 466 moriem
470 415 574 482 sponte
602 409 782 482 praevenire.
834 409 874 466 Et
898 409 981 466 Clu·

103 501 191 571 ricus,
223 505 318 565 misso
346 507 477 566 Aemilio
510 508 655 582 Longino,
688 510 834 566 desertore
868 508 979 582 primae

105 601 243 674 legionis,
276 605 398 664 caedem
425 605 487 662 eins
515 606 681 662 maturavit.
742 607 923 664 Herennium
950 612 981 664 ci

103 700 287 770 Numisium,
321 706 458 780 Legatos,
492 704 599 762 vinciri
632 705 702 762 setis
737 705 841 764 visum.
891 707 981 791 Dein,

103 801 228 874 sumptis
260 803 387 862 Romani
414 804 532 878 Imperii
546 804 729 878 -inrignibun
751 805 781 862 in
809 809 904 862 eastra
933 821 981 861 ve-

101 899 158 958 nii.
201 902 275 960 Nec
308 902 363 969 illi,
383 919 555 976 quamquam
588 904 625 960 ud
652 921 739 960 omne
766 903 879 960 lacinus
900 904 981 960 dura-

102 1000 142 1064 lo,
163 1001 260 1061 verba
286 1003 361 1058 ultra
387 1000 624 1073 suppeditavere,
646 1019 732 1076 quam
761 1007 791 1058 ul
818 1018 981 1058 sacramen·

102 1099 163 1154 inm
193 1099 344 1158 recitaret.
386 1101 532 1166 larome,
556 1101 606 1173 qui
626 1101 757 1167 ederant,
780 1116 834 1176 pro
861 1097 982 1175 Imperio

102 1191 282 1256 Galliarum.
344 1199 563 1256 interfectorem
597 1199 732 1256 Voculae
772 1198 840 1256 altis
874 1197 981 1256 ordini·

102 1293 165 1362 bra,
186 1305 315 1364 eeteros,
336 1302 367 1354 ut
390 1298 510 1371 quisque
531 1296 672 1369 flagitium
700 1302 871 1364 narraverat,
900 1313 981 1369 prse-

102 1393 169 1453 miis
206 1397 331 1452 adtollit.
394 1395 519 1454 Divisae
553 1396 622 1452 inde
659 1395 737 1452 inter
773 1395 917 1452 Talorem
950 1401 980 1451 et

101 1488 272 1552 Classicum
292 1511 388 1552 curse.
430 1493 640 1552 'l'nlorvalida
670 1509 756 1549 manu
786 1493 981 1550 circumdatos

103 1589 354 1668 Agrippinenses,
377 1601 571 1668 quantumque
603 1591 727 1648 militnm
755 1591 830 1662 apud
855 1590 980 1662 superio·

102 1703 164 1747 rem
193 1691 295 1750 Rheni
322 1691 423 1762 ripam,
443 1690 474 1748 in
502 1692 605 1746 eadem
635 1691 723 1746 verba
751 1688 852 1762 adigit,
873 1687 980 1744 occisis

103 1783 291 1862 Mogontiaci
325 1789 475 1855 Tribunis,
510 1792 592 1860 pulso
625 1795 781 1844 castrorum
817 1787 980 1854 Praelecto,

104 1887 154 1960 qni
168 1891 419 1946 ‹intrectaverant
461 1887 610 1944 Classicus
623 1885 869 1960 corruptissimum
884 1903 982 1960 quem-

102 1999 160 2056 que
175 2005 194 2042 e
217 1987 322 2044 deditis
337 1994 473 2058 ‘pergere
491 1987 529 2042 ad
557 1984 698 2042 obsessos'
727 1986 816 2052 iubet,
839 1986 980 2042 ‘veniam

105 2084 318 2148 ‘ostentantes
338 2085 364 2140 si
385 2083 547 2157 praesentia
567 2093 773 2157 sequerentur:
795 2085 880 2139 aliter
904 2083 978 2140 nihil

105 2183 201 2254 ‘spei,
214 2185 319 2240 lamam
335 2185 493 2256 ferrumque
507 2189 537 2238 el
552 2188 683 2240 extrema
698 2175 847 2254 passuros?
887 2178 977 2236 Adie-
990 2183 1032 2240 60

108 2294 188 2350 cere,
209 2283 257 2356 qui
289 2281 369 2338 missi
393 2287 485 2348 erunt,
512 2283 679 2352 exemplum
704 2297 795 2336 snum.
838 2279 978 2334 Obsessos

106 2377 178 2437 hinc
194 2381 274 2445 fides,
295 2380 363 2436 inde
383 2387 506 2452 egestas,
520 2379 596 2435 inter
609 2381 698 2434 alecus
712 2377 750 2433 uc'
764 2376 901 2449 flagitium
923 2376 978 2432 dis·

108 2479 272 2536 trahebant.
314 2478 529 2536 Cunctanlibus
554 2478 638 2538 solila
653 2476 823 2546 insolitaque
838 2474 977 2530 alimenta

107 2575 252 2644 deeranl3
273 2577 430 2648 absumptis
445 2575 581 2632 iumentis
596 2575 732 2648 equisque
753 2581 782 2629 ot
797 2575 902 2629 celeris
916 2573 977 2628 ani·

107 2675 242 2739 malibus,
263 2693 336 2747 quae
358 2674 475 2746 prolana
496 2675 635 2748 foedaque
664 2673 694 2730 in
709 2690 788 2729 usum
816 2671 976 2742 trecassilas

109 2772 208 2830 vertit.
250 2772 385 2847 Virgulla
414 2779 558 2844 postremo
577 2779 607 2828 et
633 2773 736 2843 stirpes
760 2776 790 2826 el
817 2769 977 2828 internatas

107 2872 187 2928 saxis
203 2871 304 2926 herbas
321 2873 471 2934 vellentes,
488 2871 665 2928 niscriurum
680 2867 894 2944 prudentiaeque
907 2871 976 2927 doc·

107 2973 257 3030 umealnm
284 2970 383 3028 luere:
402 2969 497 3026 ‹lonec
526 2969 672 3042 egregiam
693 2971 805 3026 laudem
818 3003 822 3013 ι
834 2971 890 3028 line
920 2975 976 3026 tur·

109 3067 139 3139 pi
168 3069 356 3132 macularent,
387 3066 481 3122 missis
508 3067 544 3123 ad
580 3065 709 3124 Civilem
744 3067 857 3141 legalis,
889 3064 976 3122 nilum

109 3172 235 3221 orantes.
274 3165 391 3240 'Neque
426 3171 494 3220 ante
523 3181 624 3238 preces
653 3167 805 3230 admissae,
831 3179 916 3238 quam
943 3164 976 3220 iu

110 3267 200 3320 verba
224 3263 386 3322 Galliarum
412 3263 547 3320 iurarent.
600 3255 817 3338 Tempanius
840 3259 977 3338 praedam

112 3367 276 3430 aculeorum,
308 3363 359 3422 dul
390 3363 536 3444 custodes,
569 3361 618 3437 qui
651 3362 815 3435 pecuniam,
847 3361 978 3427 calones,

67 3503 70 3506 -
150 3479 223 3518 ron.
243 3478 278 3518 rr.
516 3456 583 3515 82*
