2114 3830
85 181 157 251 368
384 199 636 250 arsuomsnvu
801 202 829 248 a.
844 199 873 248 v,
887 201 932 249 su.

85 375 137 415 nes
165 359 257 422 erant,
280 355 412 428 contigit.
455 355 546 412 Simul
574 353 664 439 aeteri
693 352 875 426 Magistratus
904 355 931 408 el
1028 388 1030 399 ·

87 456 259 514 Sacerdotes
292 462 321 511 et
345 456 469 512 Senatus
502 463 531 510 et
566 454 661 528 Eques
688 462 719 510 et
746 471 847 525 magna
876 467 931 523 pars
1023 442 1025 457 ¹

86 553 194 629 populi,
214 555 310 610 studio
345 553 513 626 laetitiaque
536 552 665 618 connixi,
699 568 802 607 aarum
834 550 926 622 ingens

84 657 210 710 traxere.
251 653 411 724 passimque
443 650 570 706 iniectae
609 649 804 706 fundamentis
831 645 932 720 argenti

86 750 203 824 aurique
216 751 305 819 aliptes
325 756 355 805 et
370 751 548 806 metallorum
573 747 728 819 primitiae,
743 749 827 804 nullis
851 749 933 802 lorna-

86 849 169 908 altura
200 849 305 911 violae.
339 849 389 904 sed
421 853 451 903 ul
483 847 646 919 gignuntur.
687 846 861 901 Praedixere
884 845 933 901 Hs·

85 947 224 1018 suspicer,
239 965 275 1003 ne
290 953 476 1002 temeraretur
487 962 558 1015 opus
581 962 653 1000 saxo
667 927 792 1008 'aurove
812 947 841 1000 in
866 943 933 999 aliud

85 1046 239 1103 destinato.
298 1043 429 1102 Altitudo
460 1043 578 1100 aedibus
611 1042 735 1098 adiecta.
788 1044 821 1098 ld
853 1046 933 1098 solum

86 1144 189 1216 religio
222 1145 357 1200 adnuere.
392 1149 421 1199 et
456 1142 556 1215 prioris
584 1141 685 1212 templi
713 1142 934 1215 magnificentiae

85 1242 211 1299 defuisse
225 1242 377 1300 creditum.

32 1320 75 1376 5⁴
129 1341 235 1398 Audita
255 1328 448 1412 interim'per
478 1340 591 1424 Gallias
620 1339 850 1413 Germaniasque
870 1355 934 1394 mors

85 1439 202 1497 Vitellii
222 1441 423 1509 duplicaverat
448 1442 561 1495 bellum.
605 1441 682 1494 Nam
703 1438 819 1503 Civilis,
839 1439 936 1494 omissa

86 1539 325 1603 dissimulatione,
350 1537 380 1594 iu
406 1539 547 1608 Populum
579 1537 741 1593 Romanum
763 1555 853 1593 ruere.
894 1533 938 1591 vt-

88 1639 226 1696 lellianae
241 1637 368 1710 legiones
383 1639 430 1692 vel
446 1645 598 1692 externum
617 1636 779 1698 servitium,
794 1621 878 1708 quam
893 1635 940 1690 lm·

88 1744 249 1810 peratorem
278 1735 500 1804 Vespasianum.
530 1737 625 1790 malla.
667 1734 747 1790 Galli
775 1735 941 1790 sustulerant

88 1836 209 1896 animos,
223 1837 345 1890 eandem
366 1833 469 1905 ubique
483 1835 663 1889 exercituum
679 1841 838 1888 nostrorum
867 1833 942 1888 tortu·

86 1950 154 1990 uam
183 1931 255 1987 rati:
284 1935 403 2003 vulgato
427 1947 550 1988 rumore,
567 1937 602 1986 ‘a
632 1933 771 1987 Sarmatis
802 1931 941 2003 Dacisque

87 2030 239 2087 ‘Moesias
254 2048 288 2086 an
304 2030 474 2086 Pannonica
489 2029 608 2085 hiberna
632 2029 855 2086 circumsideri!
870 2030 943 2100 paris

86 2131 123 2188 de
138 2129 287 2186 Britannia
301 2130 488 2196 tingebantur.
531 2129 589 2183 Sed
605 2127 677 2184 nihil
693 2145 793 2202 aeque,
805 2147 893 2201 quam
907 2129 942 2185 iu·

87 2229 222 2286 uenditum
249 2227 390 2299 capitolii,
410 2233 440 2282 ut
465 2227 551 2282 linem
577 2227 701 2296 Imperio
725 2228 828 2282 adesse
852 2229 946 2283 crede·

87 2334 160 2393 rent,
174 2327 326 2398 inpulerat.
366 2325 512 2396 ‘Captum
525 2327 628 2385 olima
643 2326 737 2380 Gallis
752 2327 869 2381 urbem:
889 2326 946 2392 sed,

87 2425 219 2498 ‘integra
253 2423 332 2480 lovis
359 2425 437 2491 sede,
471 2425 610 2480 mansisse
645 2423 808 2493 imperium.
853 2424 947 2482 Palati

87 2511 265 2595 ‘nuno'igne
279 2522 392 2595 signum
406 2523 540 2577 caelestis
556 2523 615 2577 irae
629 2524 777 2586 datumst
795 2525 948 2596 possessio·
1030 2506 1031 2519 ἵ

87 2627 172 2678 ‘nem
194 2639 286 2678 rerum
302 2622 487 2677 humanarum
504 2601 706 2694 Transalpinis
730 2623 867 2694 gentibus
888 2641 947 2696 por-

86 2718 204 2785 ‘tendi,'
227 2720 429 2791 superstitione
452 2737 528 2774 vana
555 2719 682 2775 Druidae
703 2723 858 2777 canebant.
903 2724 947 2780 ln·

85 2824 268 2889 cesseratque
294 2818 379 2882 fama,
407 2817 543 2889 primores
568 2817 736 2882 Galliarum,
762 2821 801 2874 ab
831 2821 946 2878 Othone
1030 2814 1032 2825 ⁵

86 2918 224 2972 adversus
245 2915 399 2972 Vitellium
420 2915 530 2979 missos,
554 2925 706 2989 antequam
721 2918 948 2991 digrederentur,

86 3013 239 3088 pepigisse,
253 3021 261 3045 ‘
274 3032 310 3069 ne
324 3015 459 3069 deessent
476 3015 610 3078 libertati,
630 3017 657 3072 si
684 3017 823 3087 Populum
845 3019 948 3076 Roma·

86 3117 176 3166 ‘num
203 3112 339 3166 continua
356 3112 494 3167 bellorum
521 3113 654 3169 civilium
668 3113 756 3170 series
778 3125 807 3170 et
833 3117 947 3173 interna

30 3209 178 3264 sa‘mata
198 3204 370 3277 fregissent!
415 3210 493 3264 Ante
515 3213 617 3266 Franci
643 3213 801 3269 Hordeonii
816 3217 947 3282 caedem,

84 3304 157 3360 nihil
184 3303 317 3372 prorupit,
331 3320 387 3374 quo
406 3306 570 3363 coniuratio
594 3311 814 3382 intelligeretur.
858 3315 947 3369 luter·
1027 3342 1028 3356 π

80 3397 158 3452 teoto
173 3399 348 3465 Hordeonio,
376 3417 580 3462 commeavere
601 3411 696 3466 nuntii
718 3409 796 3466 inter
818 3390 957 3470 Civilem·
