2100 3816
93 185 198 236 acra
311 185 384 236 ars.
410 182 434 234 ι.
484 183 562 232 car.
588 161 757 232 ⁴2-46.
872 156 942 232 157
1018 239 1019 244 η

94 335 203 400 scritum
216 340 339 414 primam
359 344 459 398 levata
478 340 559 397 omni
579 338 777 397 sollicitudine
798 355 880 396 mens
895 353 945 396 va·
1018 355 1019 358 ¹

96 455 150 498 aare
169 441 272 516 gaudio
296 446 453 514 coeperat:
470 451 524 496 'seu
546 438 708 496 recordatio
731 438 889 495 maiestatis
911 437 945 496 iu

97 538 185 606 Galba,
197 539 344 597 amicitiae
359 541 389 596 in
404 539 445 596 Τ.
468 537 567 606 Vinio,
581 538 713 612 quamvis
728 538 860 594 inmitem
884 537 949 595 sna

100 653 163 694 nom
175 639 299 712 imagine
323 638 400 695 tristi
420 638 612 696 contuderat:
633 637 757 700 Pisonis,
779 643 809 693 ut
834 637 946 694 inimici
1018 705 1019 714 χ

101 739 241 805 ιιιειιιιιΙὶ,
255 737 348 794 caede
363 737 473 804 laetari,
488 737 532 794 ios
551 736 650 810 fasque
674 737 819 792 credebat
863 735 947 792 Prs'e·

102 831 150 890 ixa
160 835 248 892 contis
262 835 361 906 capilo
372 837 569 910 gestabantur,
590 835 667 892 inter
679 835 762 909 signa
776 835 947 903 cohortium,

102 933 169 991 iuxta
181 935 303 1009 aquilam
318 934 458 1008 legionis:
479 933 612 991 certatim
623 933 834 992 ostentantibus
848 947 948 992 cruen-

103 1035 138 1089 us
168 1037 271 1099 manus,
293 1033 342 1108 qui
378 1033 557 1114 occiderant,
589 1033 637 1107 qui
672 1033 865 1096 interfuerant,
899 1032 948 1109 qui

103 1145 168 1198 rere,
181 1133 324 1206 quitatem
343 1135 373 1190 ot
397 1133 546 1204 pulchrum
566 1137 595 1188 et
620 1133 805 1190 memorabile
826 1133 948 1202 lacinus,

57 1282 63 1294 ,
102 1228 240 1288 iactabant.
282 1231 383 1288 Plures
397 1247 482 1304 quam
508 1230 734 1288 CXXalibellos
749 1233 875 1304 praemia
898 1251 948 1290 ex·

102 1309 275 1401 poscentium,
286 1331 327 1387 ob
340 1329 466 1403 aliquam
491 1329 648 1386 notabilem
671 1331 722 1386 illa
745 1331 793 1388 die
820 1347 947 1404 operam,

102 1425 223 1486 Vitellios
245 1435 347 1502 postea
364 1428 495 1486 invenit:
516 1445 672 1502 omnesque
697 1429 829 1502 conquiri
853 1439 882 1486 et
906 1429 948 1488 in·

102 1527 181 1583 lerici
193 1528 292 1586 iussit:
313 1544 372 1584 non
394 1528 501 1583 honore
516 1527 639 1593 Galbae,
663 1527 715 1583 sed
739 1527 844 1584 tradito
869 1527 948 1584 Prin·

102 1624 198 1697 cipibus
224 1643 310 1695 more,
338 1626 547 1683 munimentum
572 1627 608 1681 art
637 1643 781 1698 praesens,
802 1627 831 1682 in
857 1633 949 1700 poste·

102 1739 153 1780 rum
179 1726 323 1783 altionem.
386 1725 486 1782 Alium
516 1725 649 1782 crederes
681 1726 830 1790 Senatum,
861 1727 1000 1800 aliurn45

103 1823 455 1894 mantuanensium
479 1823 509 1880 in
531 1831 635 1891 castro,
658 1825 769 1882 anteire
795 1827 949 1898 proximos,

103 1927 197 1980 certare
228 1939 296 1981 cum
332 1921 592 1996 praecurrentibus,
629 1922 779 1996 increpare
814 1926 949 1996 Galbam,

103 2019 205 2079 laudate
222 2021 348 2079 militum
368 2015 517 2086 iudicium,
547 2023 710 2080 exosculari
740 2023 864 2081 Othonis
893 2043 951 2081 ma·

102 2133 177 2176 num:
203 2129 366 2196 quantoque
390 2120 482 2194 magis
509 2119 583 2176 laisa
610 2121 700 2186 erant,
728 2139 802 2195 quae
833 2123 951 2190 fiebant,

103 2221 174 2277 lanto
201 2224 282 2294 plora
314 2221 420 2278 lacere.
469 2221 537 2278 Non
569 2221 793 2292 adspernabatur
823 2221 951 2294 singulos

102 2315 177 2386 fltlro,
208 2321 328 2378 acidum
348 2324 378 2376 ei
405 2319 550 2378 minacem
577 2319 700 2376 rnilitum
727 2319 854 2376 animum
878 2335 954 2375 voce

101 2417 226 2494 vultuque
249 2424 424 2490 temperans.
486 2417 611 2475 Marium
643 2419 769 2484 celsum,
795 2417 953 2475 Consulem

100 2513 279 2590 designatum,
300 2523 330 2573 et
353 2515 468 2574 Galbae
487 2535 576 2588 usque
600 2517 630 2574 io
651 2521 797 2573 extremas
817 2533 863 2573 res
883 2515 953 2574 ami-

100 2617 330 2690 comfidumqoe,
356 2615 392 2672 ad
413 2615 586 2689 supplicium
605 2616 838 2688 expostulabant,
856 2615 953 2673 indos·

70 2783 71 2788 η
101 2714 252 2793 triaexeios
274 2715 526 2788 innocentiaeque,
551 2715 632 2788 quasi
653 2715 737 2780 malis
759 2716 877 2784 artibus,
910 2715 953 2774 in·

99 2811 171 2871 lensi
211 2813 320 2872 Gaetlis
343 2819 373 2871 et
388 2815 556 2887 praedarum
579 2813 705 2881 initium,
719 2819 748 2870 el
769 2817 879 2887 optimo
894 2815 954 2872 oui·

100 2929 147 2985 que
160 2913 317 2984 perniciem
331 2913 430 2987 quaeri
443 2913 607 2985 adparebat.
629 2913 680 2970 sed
696 2913 805 2972 Othoni
826 2917 953 2972 nonalum

31 3045 32 3052 κ
101 3013 245 3070 auctoritas
259 3011 353 3068 inerat
367 3013 404 3068 ad
426 3011 634 3084 prohibendum
647 3014 761 3069 scelos:
783 3013 881 3070 iubere
895 3015 954 3073 iam

31 3087 33 3162 i
101 3115 211 3180 poterat.
273 3111 327 3179 ita,
354 3110 537 3168 simulatione
568 3111 638 3177 irae,
661 3108 762 3168 cinari
787 3111 904 3194 iussum,
924 3114 956 3167 et

31 3201 32 3208 '
101 3205 209 3266 maiores
228 3225 334 3286 pansas
355 3207 486 3265 woman
509 3209 672 3273 adfirmans,
695 3211 838 3278 praesenti
862 3209 956 3264 exitio

79 3307 243 3364 ,ιιιὶιιιιιιιὶι1
295 3306 402 3364 Omnia
435 3306 542 3362 deinde
573 3305 693 3362 arbitrio
724 3304 846 3360 militum
880 3306 1009 3363 aetate

102 3399 235 3462 Praetorii
258 3405 425 3464 Praefectos
454 3401 588 3474 sibiipsi
609 3403 725 3473 legere:
747 3396 876 3453 Plotium
896 3391 958 3447 Fir·

135 3519 203 3562 vor..
226 3521 261 3562 rr.
550 3501 586 3552 lt
