2100 3816
85 163 206 214 acne
320 162 391 210 um.
408 160 466 210 xv.
517 161 595 212 ean.
612 146 782 216 52-54.
905 146 953 218 83

86 316 161 374 tione
196 315 307 390 integri
341 321 449 384 essent,
480 315 585 392 quique
626 319 828 382 miserarentur
862 321 953 382 Nero·

85 432 158 482 mm,
189 421 339 489 tamquam
370 433 421 487 par
447 419 544 474 seelus
562 417 753 478 interiectum.
807 420 952 496 Plerique.

84 515 220 572 ‘Vestini
241 531 356 589 quoque
381 515 517 573 Consulis
544 533 610 574 sore
634 519 784 592 ingenium
809 520 951 580 vitavisse

84 611 246 672 ‘Pisonem'
267 613 461 683 erediderunt,
476 622 484 647 ‘
497 633 533 672 ne
546 617 584 674 ad
598 617 762 674 libertatem
778 626 951 690 moveretur,

83 710 131 780 orl,
144 711 247 772 deleam
263 712 435 789 Imperatore
458 711 524 780 alio,
537 713 584 770 aui
605 714 729 772 manta
744 714 952 792 Resupudls'om

76 811 191 891 seond.
234 811 356 870 Etenim
369 831 475 884 expers
494 813 704 872 oouiurationia
718 822 797 874 erat:
819 815 952 889 quamvis

84 929 212 984 supereo
224 911 352 968 erimine
369 913 394 966 N
398 929 447 968 ero
457 921 541 970 vetus
551 914 687 970 adversus
699 913 843 970 insontem
854 915 952 972 odium

85 1010 258 1084 expleverit
302 1009 439 1066 uanuem
459 1016 595 1077 statuere,
615 1011 788 1070 circensium
822 1014 951 1072 ludorum
962 1005 1003 1066 53

85 1109 140 1176 die,
161 1109 212 1184 qui
237 1109 343 1166 Cereri
363 1111 536 1176 celebratur,
557 1110 677 1184 exsequi
697 1110 863 1168 destinata:
884 1113 952 1186 quis

86 1208 202 1274 Caesar,
228 1225 308 1264 rarus
332 1226 460 1282 egressu,
479 1211 622 1282 domoque
642 1215 690 1266 aut
715 1209 805 1266 bortis
826 1213 952 1278 claustra,

86 1308 119 1366 ad
150 1308 264 1366 ludicra
296 1307 370 1365 sirei
391 1307 565 1376 ventitabat,
586 1309 828 1383 promptioresque
856 1310 952 1366 aditus

85 1414 165 1464 eraut
189 1406 304 1464 laetitia
325 1407 495 1478 speetaeuli.
537 1407 676 1464 Ordinem
700 1407 814 1464 insidiis
836 1423 952 1480 eompo·

86 1510 212 1572 suerent,
233 1509 286 1562 ‘nt
311 1506 483 1570 Lateranus,
496 1504 578 1579 qussi
591 1505 750 1562 subsidium
766 1505 805 1560 rei
817 1503 952 1562 familiari

82 1610 207 1669 ‘oraret
231 1603 472 1676 deprecabundus
498 1607 528 1658 el
556 1602 677 1676 genibus
703 1601 848 1674 Prinoipis
876 1601 952 1658 aoei-

88 1703 186 1768 ‘dena
215 1706 411 1774 prosterneret
437 1701 588 1758 incautum
621 1707 828 1774 premeretque,
861 1699 952 1761 animi

87 1800 221 1858 ‘validus
235 1805 266 1857 et
290 1817 409 1874 oorpore
422 1800 537 1874 iugens.
579 1800 658 1858 'l'um
670 1799 817 1858 isoentern
828 1806 857 1858 et
871 1799 952 1876 inpe-

85 1898 195 1958 ‘ditum
211 1898 338 1956 Tribuni
352 1904 382 1956 el
397 1899 593 1957 Centuriones
607 1904 637 1956 et
647 1905 818 1967 oeterorum,
832 1909 863 1958 ut
877 1901 952 1976 quis·

90 2002 99 2030 ‘
111 1997 330 2072 queaudentiae
336 1998 492 2064 habuisset,
501 2003 684 2056 ooourrereut
693 1999 924 2074 trucidarentque
933 1996 951 2054 :’

89 2097 198 2171 primas
214 2096 272 2154 sibi
295 2103 389 2169 partes
410 2099 614 2170 expostulante
638 2097 777 2163 Seevino,
791 2099 840 2172 qui
855 2098 951 2172 pugio·

89 2213 155 2253 nem
169 2197 282 2268 templo
310 2196 418 2252 Salutis
442 2192 487 2270 (ln
500 2192 639 2272 Etruria)
659 2197 734 2262 sive,
748 2202 779 2254 ut
792 2197 843 2254 slii
866 2197 952 2256 tradi·

89 2294 166 2362 dere,
210 2295 370 2360 Fortunae,
393 2295 555 2352 Ferentino
576 2295 607 2352 in
633 2293 751 2368 oppido,
777 2295 953 2363 detraxerat,
1033 2337 1038 2344 .

88 2393 278 2467 gestabatque
303 2395 384 2450 velut
411 2385 527 2466 magno'
538 2394 620 2466 operi
643 2410 766 2450 morum.
807 2394 952 2450 ‘Interim

88 2491 175 2548 ‘Piso
199 2493 276 2564 apud
301 2493 404 2550 aedem
429 2492 544 2550 (leteris
571 2491 760 2565 opperiretur,
783 2492 858 2548 unde
885 2509 952 2550 eum

88 2589 275 2648 ‘Praeleelus
299 2589 408 2648 Penius
421 2595 452 2648 et
464 2590 557 2651 ueteri
577 2591 704 2648 aeolium
726 2591 832 2648 lerrenl
846 2590 877 2650 in
890 2607 952 2650 uas

88 2692 160 2758 ‘tra‚
183 2689 344 2746 eomitante
365 2690 505 2758 Antonia,
527 2689 644 2748 Claudii
669 2690 802 2748 Caesaris
826 2691 894 2760 lilia,
914 2691 953 2748 ad

87 2787 285 2846 ‘eliciendum
300 2789 380 2862 vulgi
399 2787 554 2846 brorum?
572 2789 647 2862 quud
669 2789 953 2850 urrinnando

87 2891 141 2944 rat.
185 2887 214 2944 N
218 2886 282 2942 obis
296 2903 409 2962 quoquo
428 2889 514 2944 modo
534 2888 669 2946 traditum
690 2905 748 2946 aon
761 2893 907 2948 occultare
920 2890 953 2948 iu

88 2987 189 3042 animo
203 2984 268 3051 luit,
282 2986 414 3059 quamvis
435 2987 588 3056 absurdum
603 2986 758 3054 videratur,
772 2994 820 3046 aul
835 2989 953 3047 inanem

90 3086 127 3142 ad
141 3101 224 3156 spem
242 3085 401 3143 Antoniam
424 3103 529 3143 nomen
554 3091 585 3141 et
610 3085 767 3158 perieulum
791 3089 954 3144 onmmods·

91 3183 183 3250 visse,
196 3189 245 3240 aut
262 3183 409 3252 Pisonem,
430 3191 531 3244 uotum
555 3201 651 3243 amore
665 3187 773 3253 uxoris,
787 3186 837 3242 alii
859 3183 955 3244 matri·
1016 3214 1021 3237 t

93 3282 193 3340 monio
220 3300 252 3338 se
278 3281 485 3342 obstrinxisse:
510 3284 576 3342 nisi
604 3284 629 3341 si
655 3284 761 3356 cupido
786 3281 956 3341 dominandi
1032 3285 1038 3340 t

92 3379 209 3438 eunetis
222 3381 382 3441 adieetibua
394 3361 559 3457 liagrantior
571 3389 623 3440 est.
666 3382 726 3441 Sed
746 3380 858 3449 mirum,
871 3393 956 3454 quam
967 3385 1019 3550 54}
1032 3362 1038 3374 ⁸

997 3695 1038 3769 s
