2090 3838
105 229 178 278 uc.
196 234 230 279 ru.
361 230 429 278 urs.
447 232 483 279 ιι.
535 233 613 279 cna.
640 209 761 282 4.-ἱά
909 209 975 278 197

102 381 257 456 pasianus;
302 385 518 458 oppugnatione
554 385 821 460 Hierosolymorum
857 385 977 461 reliqua,

101 482 175 538 duro
189 482 281 556 magis
295 488 326 540 et
340 484 428 540 arduo
454 496 551 556 opere,
573 485 612 540 ob
640 482 792 558 ingenium
817 485 925 542 montis
946 487 978 541 et

101 580 304 652 pervicaciam
325 581 548 654 superstitionis,
568 599 653 656 quam
688 598 745 656 quo
779 582 851 640 satis
872 582 977 640 virium

102 679 230 736 obsessis
244 681 280 736 ad
295 681 459 737 tolerandas
471 680 662 738 necessitates
675 685 847 754 superesset.
889 679 967 738 'Pras

102 781 135 834 ut
162 793 249 850 supra
276 779 511 844 memoravimus,
532 778 593 852 ‚ipsi
624 779 812 852 Vespasiano
845 780 975 854 legiones

101 881 197 944 eraut,
218 876 368 934 exercitae
388 879 483 934 bello:
505 883 626 951 quatuor
646 875 803 936 Mucianus
824 879 975 939 obtinebat

103 973 135 1030 in
151 990 243 1047 pace;
264 977 317 1032 sed
330 975 487 1034 aemulatio
511 981 542 1032 et
565 977 690 1049 proximi
715 978 861 1036 exercitus
882 978 975 1052 gloria

102 1078 253 1148 repulerat
279 1075 450 1150 segnitiam:
481 1081 675 1152 quantumque
703 1077 761 1136 illis
788 1078 897 1136 roboris
917 1079 974 1134 dis·

104 1174 229 1232 crimina
254 1179 284 1232 et
309 1176 397 1243 labor,
420 1179 534 1232 tantum
557 1175 602 1232 bis
628 1175 736 1250 vigoris
759 1177 908 1235 addiderat
932 1176 976 1234 in'·

104 1275 187 1347 tegra
208 1273 301 1348 quies,
328 1279 359 1329 et
385 1274 555 1346 inexpertus
578 1273 648 1331 balli
662 1276 750 1332 labor.
771 1275 881 1334 auxilia
908 1275 975 1334 utri-

105 1389 162 1446 que
175 1371 342 1430 cohortium
365 1374 541 1446 alarumque,
563 1379 593 1429 et
619 1375 728 1430 classes
754 1374 916 1448 Regnaque,
938 1391 974 1431 ac

102 1486 211 1528 nomen
239 1469 349 1542 dispari
375 1470 452 1528 lama
478 1473 605 1528 celebre.
666 1472 878 1544 Vespasianus,
905 1467 1004 1530 acsr5

104 1569 239 1636 militiae,
254 1568 366 1626 anteire
390 1586 504 1644 agmen,
523 1573 620 1628 locum
643 1569 746 1628 castris
766 1586 882 1643 capere,
908 1586 975 1626 noc·

99 1671 131 1725 tu
153 1669 263 1742 diuque
290 1667 482 1744 consiliose,
508 1669 534 1724 si
557 1687 602 1726 rea
631 1673 772 1742 posceret,
795 1683 882 1726 manu
911 1669 975 1726 bos·

102 1768 181 1825 tibus
209 1767 313 1824 obniti.
343 1767 411 1824 cibo
430 1767 556 1835 fortuito,
578 1773 661 1826 veste
690 1767 845 1842 habituque
872 1766 923 1824 vix
957 1746 998 1824 a‘

103 1867 240 1941 gregario
267 1865 359 1924 milite
386 1866 571 1939 discrepasse
593 1883 714 1940 prorsus,
734 1866 759 1923 si
780 1867 904 1926 avaritia
925 1849 990 1940 ab,
1014 1869 1016 1876 '

105 1973 194 2033 esset,
221 1964 348 2039 antiquis
376 1965 508 2022 Ducibus
529 1981 588 2040 par.
628 1965 838 2048 Mucianum,e
862 1952 983 2046 contra-,¹⁵

104 2067 150 2124 rio
171 2065 399 2140 magnificentia,
427 2071 457 2122 et
470 2083 551 2138 opes,
572 2070 601 2122 et
615 2071 722 2124 cuncta
743 2067 886 2139 privatum
915 2083 974 2124 mo·

103 2167 176 2222 dum
210 2181 401 2238 supergressa,
422 2159 612 2222 extbllebaut.
641 2165 735 2237 aptior
761 2165 896 2229 sermoni,
916 2165 973 2222 dis·

104 2263 204 2338 positu
230 2263 402 2338 provisuque
416 2263 549 2319 civilium
563 2281 657 2320 rerum
678 2263 803 2334 peritus:
826 2263 973 2336 egregium

106 2361 295 2432 Principatus
322 2368 590 2433 temperamentum,
620 2361 654 2428 si,
674 2361 798 2432 demptis
828 2361 973 2436 utriusque

103 2459 199 2524 vitiis,
212 2461 292 2515 solae
308 2459 429 2516 virtutes
450 2460 649 2516 miscerentur.
692 2459 829 2516 (letarum
843 2457 892 2516 hic
919 2461 974 2532 Sy·

103 2558 179 2622 riae,
198 2559 250 2614 ille
265 2557 391 2614 Iudaeae
412 2557 601 2630 praepositus,
626 2556 733 2614 vicinis
760 2556 973 2630 provinciarum

106 2655 419 2724 administrationibus,
438 2655 552 2713 invidia
572 2657 730 2723 discordes,
754 2655 835 2714 exitu
859 2657 974 2714 rismum

107 2755 247 2822 Neronis,
281 2754 381 2826 positis
421 2754 505 2821 odiis,
545 2754 577 2811 iu
617 2755 743 2812 medium
782 2758 973 2812 consuluere:

106 2853 232 2927 primum
261 2871 311 2924 per
337 2852 463 2911 amicos:
484 2853 553 2909 dein
577 2853 732 2925 praecipua
750 2856 923 2913 concordiae
946 2856 975 2912 fi-

107 2953 161 3008 des
184 2953 282 3016 Titus,
298 2969 387 3023 prava
413 2952 573 3008 certamina
597 2953 743 3009 communi
763 2955 888 3011 utilitate
907 2957 974 3011 abo·

107 3052 241 3107 leverat:
276 3041 488 3124 natura'atque
516 3055 577 3107 arte
605 3049 780 3123 compositus
801 3053 973 3111 adliciendis

106 3148 198 3205 etiam
230 3147 363 3204 Muciani
390 3149 523 3205 moribus.
566 3149 693 3206 'l'rlbuni
725 3151 973 3226 centurionesque

106 3254 139 3305 ct
173 3235 277 3320 vulgus
306 3246 438 3312 militum,
464 3246 614 3314 industria,
642 3247 770 3314 lieentia,
802 3267 852 3322 per
886 3251 974 3307 virtu-

107 3351 162 3412 tes,
188 3363 238 3418 per
265 3347 439 3418 voluptates,
463 3350 495 3402 ut
518 3345 621 3420 cuique
645 3345 803 3418 ingenium,
832 3348 974 3403 atlscisce-

108 3447 221 3506 bantur.
266 3444 431 3522 Antequam
447 3442 534 3502 Titus
557 3445 739 3511 adventaret,
763 3448 1005 3514 sacramentume

148 3561 218 3604 rou.
241 3561 276 3602 u.
557 3537 620 3597 ll*
