<?xml version="1.0" encoding="UTF-8"?>
<!DOCTYPE html PUBLIC "-//W3C//DTD XHTML 1.0 Transitional//EN"
    "http://www.w3.org/TR/xhtml1/DTD/xhtml1-transitional.dtd">
<html xmlns="http://www.w3.org/1999/xhtml" xml:lang="en" lang="en">
 <head>
  <title>
</title>
<meta http-equiv="Content-Type" content="text/html;charset=utf-8" />
  <meta name='ocr-system' content='tesseract 3.04.00' />
  <meta name='ocr-capabilities' content='ocr_page ocr_carea ocr_par ocr_line ocrx_word'/>
</head>
<body>
  <div class='ocr_page' id='page_1' title='image "./operaexrecensio02tacigoog_0294.png"; bbox 0 0 2100 3834; ppageno 0'>
   <div class='ocr_carea' id='block_1_1' title="bbox 79 122 964 211">
    <p class='ocr_par' dir='ltr' id='par_1_1' title="bbox 79 122 964 211">
     <span class='ocr_line' id='line_1_1' title="bbox 79 122 964 211; baseline 0.005 -4"><span class='ocrx_word' id='word_1_1' title='bbox 79 122 221 208; x_wconf 65' lang='lat' dir='ltr'>¹ncnc.</span> <span class='ocrx_word' id='word_1_2' title='bbox 294 157 365 206; x_wconf 80' lang='lat' dir='ltr'>ura.</span> <span class='ocrx_word' id='word_1_3' title='bbox 391 157 443 206; x_wconf 89' lang='lat'>111.</span> <span class='ocrx_word' id='word_1_4' title='bbox 493 157 572 205; x_wconf 77' lang='lat' dir='ltr'>cnr.</span> <span class='ocrx_word' id='word_1_5' title='bbox 597 137 766 208; x_wconf 72' lang='lat' dir='ltr'>aa-m.</span> <span class='ocrx_word' id='word_1_6' title='bbox 891 139 964 211; x_wconf 81' lang='lat'>283</span> 
     </span>
    </p>
   </div>
   <div class='ocr_carea' id='block_1_2' title="bbox 84 311 1042 3256">
    <p class='ocr_par' dir='ltr' id='par_1_2' title="bbox 84 311 1042 3256">
     <span class='ocr_line' id='line_1_2' title="bbox 93 311 965 388; baseline 0.007 -19"><span class='ocrx_word' id='word_1_7' title='bbox 93 311 241 370; x_wconf 84' lang='lat' dir='ltr'>berentur.</span> <span class='ocrx_word' id='word_1_8' title='bbox 276 313 436 388; x_wconf 79' lang='lat' dir='ltr'>propinqua</span> <span class='ocrx_word' id='word_1_9' title='bbox 469 312 557 370; x_wconf 88' lang='lat' dir='ltr'>muris</span> <span class='ocrx_word' id='word_1_10' title='bbox 594 317 682 380; x_wconf 86' lang='lat' dir='ltr'>tenta,</span> <span class='ocrx_word' id='word_1_11' title='bbox 715 319 746 372; x_wconf 92' lang='lat' dir='ltr'>et</span> <span class='ocrx_word' id='word_1_12' title='bbox 782 314 965 374; x_wconf 86' lang='lat' dir='ltr'>altitudinem</span> 
     </span>
     <span class='ocr_line' id='line_1_3' title="bbox 94 411 967 488; baseline 0.006 -20"><span class='ocrx_word' id='word_1_13' title='bbox 94 411 242 468; x_wconf 87' lang='lat' dir='ltr'>moenium</span> <span class='ocrx_word' id='word_1_14' title='bbox 276 429 402 484; x_wconf 83' lang='lat' dir='ltr'>egressa,</span> <span class='ocrx_word' id='word_1_15' title='bbox 421 411 578 470; x_wconf 75' lang='lat' dir='ltr'>fortissimo</span> <span class='ocrx_word' id='word_1_16' title='bbox 596 431 709 488; x_wconf 86' lang='lat' dir='ltr'>quoque</span> <span class='ocrx_word' id='word_1_17' title='bbox 736 413 860 472; x_wconf 89' lang='lat' dir='ltr'>militum</span> <span class='ocrx_word' id='word_1_18' title='bbox 889 431 967 473; x_wconf 92' lang='lat' dir='ltr'>com·</span> 
     </span>
     <span class='ocr_line' id='line_1_4' title="bbox 94 509 967 588; baseline 0.006 -22"><span class='ocrx_word' id='word_1_19' title='bbox 94 511 170 583; x_wconf 82' lang='lat' dir='ltr'>plet:</span> <span class='ocrx_word' id='word_1_20' title='bbox 192 510 239 567; x_wconf 90' lang='lat' dir='ltr'>illi</span> <span class='ocrx_word' id='word_1_21' title='bbox 265 509 393 568; x_wconf 87' lang='lat' dir='ltr'>trabibus</span> <span class='ocrx_word' id='word_1_22' title='bbox 415 511 577 586; x_wconf 79' lang='lat' dir='ltr'>tegulisque</span> <span class='ocrx_word' id='word_1_23' title='bbox 590 517 621 568; x_wconf 91' lang='lat' dir='ltr'>et</span> <span class='ocrx_word' id='word_1_24' title='bbox 640 512 751 570; x_wconf 85' lang='lat' dir='ltr'>lacibus</span> <span class='ocrx_word' id='word_1_25' title='bbox 776 521 967 588; x_wconf 80' lang='lat' dir='ltr'>propugnato·</span> 
     </span>
     <span class='ocr_line' id='line_1_5' title="bbox 93 589 1015 686; baseline 0.005 -20"><span class='ocrx_word' id='word_1_26' title='bbox 93 625 137 666; x_wconf 83' lang='lat' dir='ltr'>rea</span> <span class='ocrx_word' id='word_1_27' title='bbox 151 610 319 666; x_wconf 89' lang='lat' dir='ltr'>deturbant.</span> <span class='ocrx_word' id='word_1_28' title='bbox 360 610 424 666; x_wconf 87' lang='lat' dir='ltr'>lam</span> <span class='ocrx_word' id='word_1_29' title='bbox 449 611 581 684; x_wconf 80' lang='lat' dir='ltr'>legionen</span> <span class='ocrx_word' id='word_1_30' title='bbox 605 609 636 668; x_wconf 89' lang='lat' dir='ltr'>in</span> <span class='ocrx_word' id='word_1_31' title='bbox 659 611 835 670; x_wconf 70' lang='lat' dir='ltr'><strong>testudinem</strong></span> <span class='ocrx_word' id='word_1_32' title='bbox 858 589 1015 686; x_wconf 47' lang='lat' dir='ltr'>glonna-3¹¹</span> 
     </span>
     <span class='ocr_line' id='line_1_6' title="bbox 92 701 967 783; baseline 0.006 -20"><span class='ocrx_word' id='word_1_33' title='bbox 92 701 241 771; x_wconf 79' lang='lat' dir='ltr'>rabuntur,</span> <span class='ocrx_word' id='word_1_34' title='bbox 264 712 295 780; x_wconf 82' lang='lat' dir='ltr'>et</span> <span class='ocrx_word' id='word_1_35' title='bbox 307 707 358 764; x_wconf 81' lang='lat' dir='ltr'>alii</span> <span class='ocrx_word' id='word_1_36' title='bbox 374 710 433 764; x_wconf 90' lang='lat' dir='ltr'>tela</span> <span class='ocrx_word' id='word_1_37' title='bbox 456 725 585 783; x_wconf 84' lang='lat' dir='ltr'>saxaque</span> <span class='ocrx_word' id='word_1_38' title='bbox 608 709 800 778; x_wconf 75' lang='lat' dir='ltr'><strong>incutiebant,</strong></span> <span class='ocrx_word' id='word_1_39' title='bbox 820 727 886 768; x_wconf 88' lang='lat' dir='ltr'>cum</span> <span class='ocrx_word' id='word_1_40' title='bbox 906 713 967 768; x_wconf 85' lang='lat' dir='ltr'>lan·</span> 
     </span>
     <span class='ocr_line' id='line_1_7' title="bbox 90 806 966 883; baseline 0.005 -21"><span class='ocrx_word' id='word_1_41' title='bbox 90 822 233 881; x_wconf 75' lang='lat' dir='ltr'>gnoscere</span> <span class='ocrx_word' id='word_1_42' title='bbox 262 806 411 878; x_wconf 78' lang='lat' dir='ltr'><strong>paullatim</strong></span> <span class='ocrx_word' id='word_1_43' title='bbox 435 807 661 864; x_wconf 86' lang='lat' dir='ltr'>Vitellianorum</span> <span class='ocrx_word' id='word_1_44' title='bbox 686 807 786 866; x_wconf 88' lang='lat' dir='ltr'>animi.</span> <span class='ocrx_word' id='word_1_45' title='bbox 838 809 881 865; x_wconf 89' lang='lat' dir='ltr'>Vt</span> <span class='ocrx_word' id='word_1_46' title='bbox 903 809 966 883; x_wconf 84' lang='lat' dir='ltr'>quis</span> 
     </span>
     <span class='ocr_line' id='line_1_8' title="bbox 91 905 968 975; baseline 0.003 -11"><span class='ocrx_word' id='word_1_47' title='bbox 91 907 196 964; x_wconf 85' lang='lat' dir='ltr'>ordine</span> <span class='ocrx_word' id='word_1_48' title='bbox 230 905 371 972; x_wconf 76' lang='lat' dir='ltr'>anteibat,</span> <span class='ocrx_word' id='word_1_49' title='bbox 407 907 513 963; x_wconf 81' lang='lat' dir='ltr'>cedere</span> <span class='ocrx_word' id='word_1_50' title='bbox 546 907 698 964; x_wconf 72' lang='lat' dir='ltr'>fortunae:</span> <span class='ocrx_word' id='word_1_51' title='bbox 740 925 786 975; x_wconf 89' lang='lat' dir='ltr'>ne,</span> <span class='ocrx_word' id='word_1_52' title='bbox 822 908 968 966; x_wconf 79' lang='lat' dir='ltr'>Orennona</span> 
     </span>
     <span class='ocr_line' id='line_1_9' title="bbox 91 1005 967 1081; baseline 0.003 -19"><span class='ocrx_word' id='word_1_53' title='bbox 91 1005 205 1081; x_wconf 84' lang='lat' dir='ltr'>qnoque</span> <span class='ocrx_word' id='word_1_54' title='bbox 221 1005 333 1072; x_wconf 80' lang='lat' dir='ltr'>excisa,</span> <span class='ocrx_word' id='word_1_55' title='bbox 348 1007 428 1062; x_wconf 86' lang='lat' dir='ltr'>nulla</span> <span class='ocrx_word' id='word_1_56' title='bbox 452 1007 526 1062; x_wconf 91' lang='lat' dir='ltr'>ultra</span> <span class='ocrx_word' id='word_1_57' title='bbox 550 1005 648 1072; x_wconf 84' lang='lat' dir='ltr'>venis,</span> <span class='ocrx_word' id='word_1_58' title='bbox 674 1006 825 1081; x_wconf 87' lang='lat' dir='ltr'>omnisque</span> <span class='ocrx_word' id='word_1_59' title='bbox 849 1007 891 1065; x_wconf 88' lang='lat' dir='ltr'>ira</span> <span class='ocrx_word' id='word_1_60' title='bbox 908 1008 967 1066; x_wconf 88' lang='lat' dir='ltr'>vin·</span> 
     </span>
     <span class='ocr_line' id='line_1_10' title="bbox 90 1103 968 1178; baseline 0.003 -16"><span class='ocrx_word' id='word_1_61' title='bbox 90 1105 171 1170; x_wconf 84' lang='lat' dir='ltr'>toris,</span> <span class='ocrx_word' id='word_1_62' title='bbox 197 1121 257 1162; x_wconf 86' lang='lat' dir='ltr'>non</span> <span class='ocrx_word' id='word_1_63' title='bbox 284 1103 315 1160; x_wconf 90' lang='lat' dir='ltr'>iu</span> <span class='ocrx_word' id='word_1_64' title='bbox 344 1106 446 1178; x_wconf 77' lang='lat' dir='ltr'>vulgus</span> <span class='ocrx_word' id='word_1_65' title='bbox 469 1105 564 1177; x_wconf 86' lang='lat' dir='ltr'>inops,</span> <span class='ocrx_word' id='word_1_66' title='bbox 587 1106 637 1162; x_wconf 89' lang='lat' dir='ltr'>sed</span> <span class='ocrx_word' id='word_1_67' title='bbox 662 1105 693 1162; x_wconf 93' lang='lat' dir='ltr'>in</span> <span class='ocrx_word' id='word_1_68' title='bbox 720 1105 868 1164; x_wconf 76' lang='lat' dir='ltr'>Tribunos</span> <span class='ocrx_word' id='word_1_69' title='bbox 890 1107 968 1165; x_wconf 80' lang='lat' dir='ltr'>Gen·</span> 
     </span>
     <span class='ocr_line' id='line_1_11' title="bbox 91 1203 965 1277; baseline 0.001 -15"><span class='ocrx_word' id='word_1_70' title='bbox 91 1204 291 1277; x_wconf 83' lang='lat' dir='ltr'>terionesque,</span> <span class='ocrx_word' id='word_1_71' title='bbox 306 1203 363 1260; x_wconf 85' lang='lat' dir='ltr'>&#39;ubi</span> <span class='ocrx_word' id='word_1_72' title='bbox 392 1204 515 1276; x_wconf 84' lang='lat' dir='ltr'>pretium</span> <span class='ocrx_word' id='word_1_73' title='bbox 542 1205 641 1262; x_wconf 87' lang='lat' dir='ltr'>caedis</span> <span class='ocrx_word' id='word_1_74' title='bbox 665 1211 736 1270; x_wconf 84' lang='lat' dir='ltr'>erat,</span> <span class='ocrx_word' id='word_1_75' title='bbox 764 1212 965 1264; x_wconf 78' lang='lat' dir='ltr'>reverteretur.</span> 
     </span>
     <span class='ocr_line' id='line_1_12' title="bbox 92 1293 966 1380; baseline 0.003 -20"><span class='ocrx_word' id='word_1_76' title='bbox 92 1301 253 1380; x_wconf 74' lang='lat' dir='ltr'>Gregorius</span> <span class='ocrx_word' id='word_1_77' title='bbox 282 1301 375 1368; x_wconf 90' lang='lat' dir='ltr'>miles,</span> <span class='ocrx_word' id='word_1_78' title='bbox 409 1303 496 1360; x_wconf 79' lang='lat' dir='ltr'>futuri</span> <span class='ocrx_word' id='word_1_79' title='bbox 523 1293 621 1360; x_wconf 82' lang='lat' dir='ltr'>ancora</span> <span class='ocrx_word' id='word_1_80' title='bbox 648 1307 678 1360; x_wconf 91' lang='lat' dir='ltr'>et</span> <span class='ocrx_word' id='word_1_81' title='bbox 710 1303 892 1376; x_wconf 73' lang='lat' dir='ltr'>ignobilitate</span> <span class='ocrx_word' id='word_1_82' title='bbox 924 1311 966 1362; x_wconf 91' lang='lat' dir='ltr'>tn·</span> 
     </span>
     <span class='ocr_line' id='line_1_13' title="bbox 90 1401 967 1475; baseline 0 -15"><span class='ocrx_word' id='word_1_83' title='bbox 90 1401 156 1467; x_wconf 86' lang='lat' dir='ltr'>lior,</span> <span class='ocrx_word' id='word_1_84' title='bbox 179 1402 354 1474; x_wconf 74' lang='lat' dir='ltr'>praestabat.</span> <span class='ocrx_word' id='word_1_85' title='bbox 377 1401 444 1475; x_wconf 84' lang='lat' dir='ltr'>vagi</span> <span class='ocrx_word' id='word_1_86' title='bbox 459 1419 510 1474; x_wconf 82' lang='lat' dir='ltr'>per</span> <span class='ocrx_word' id='word_1_87' title='bbox 524 1403 599 1466; x_wconf 85' lang='lat' dir='ltr'>vias,</span> <span class='ocrx_word' id='word_1_88' title='bbox 612 1401 643 1458; x_wconf 92' lang='lat' dir='ltr'>in</span> <span class='ocrx_word' id='word_1_89' title='bbox 657 1402 789 1458; x_wconf 88' lang='lat' dir='ltr'>domibus</span> <span class='ocrx_word' id='word_1_90' title='bbox 803 1403 904 1468; x_wconf 86' lang='lat' dir='ltr'>abditi,</span> <span class='ocrx_word' id='word_1_91' title='bbox 919 1419 967 1474; x_wconf 83' lang='lat' dir='ltr'>pa·</span> 
     </span>
     <span class='ocr_line' id='line_1_14' title="bbox 88 1500 963 1574; baseline -0.003 -16"><span class='ocrx_word' id='word_1_92' title='bbox 88 1517 154 1558; x_wconf 91' lang='lat' dir='ltr'>eem</span> <span class='ocrx_word' id='word_1_93' title='bbox 169 1516 209 1556; x_wconf 89' lang='lat' dir='ltr'>ne</span> <span class='ocrx_word' id='word_1_94' title='bbox 224 1505 284 1555; x_wconf 91' lang='lat' dir='ltr'>tum</span> <span class='ocrx_word' id='word_1_95' title='bbox 298 1500 414 1574; x_wconf 86' lang='lat' dir='ltr'>quidem</span> <span class='ocrx_word' id='word_1_96' title='bbox 428 1503 559 1568; x_wconf 86' lang='lat' dir='ltr'>orabant,</span> <span class='ocrx_word' id='word_1_97' title='bbox 573 1517 639 1557; x_wconf 87' lang='lat' dir='ltr'>cum</span> <span class='ocrx_word' id='word_1_98' title='bbox 661 1502 768 1556; x_wconf 91' lang='lat' dir='ltr'>bellum</span> <span class='ocrx_word' id='word_1_99' title='bbox 793 1501 963 1570; x_wconf 74' lang='lat' dir='ltr'>poeniteant.</span> 
     </span>
     <span class='ocr_line' id='line_1_15' title="bbox 91 1597 966 1680; baseline -0.001 -23"><span class='ocrx_word' id='word_1_100' title='bbox 91 1599 240 1657; x_wconf 76' lang='lat' dir='ltr'>Primores</span> <span class='ocrx_word' id='word_1_101' title='bbox 254 1606 414 1656; x_wconf 88' lang='lat' dir='ltr'>castrorum</span> <span class='ocrx_word' id='word_1_102' title='bbox 438 1617 544 1680; x_wconf 85' lang='lat' dir='ltr'>nomeu</span> <span class='ocrx_word' id='word_1_103' title='bbox 568 1605 656 1672; x_wconf 86' lang='lat' dir='ltr'>atque</span> <span class='ocrx_word' id='word_1_104' title='bbox 680 1597 823 1670; x_wconf 75' lang='lat' dir='ltr'>imagines</span> <span class='ocrx_word' id='word_1_105' title='bbox 848 1598 966 1656; x_wconf 88' lang='lat' dir='ltr'>Vitellii</span> 
     </span>
     <span class='ocr_line' id='line_1_16' title="bbox 89 1693 967 1774; baseline -0.002 -18"><span class='ocrx_word' id='word_1_106' title='bbox 89 1697 280 1756; x_wconf 82' lang='lat' dir='ltr'>amoliuntur.</span> <span class='ocrx_word' id='word_1_107' title='bbox 301 1703 423 1754; x_wconf 84' lang='lat' dir='ltr'>catenae</span> <span class='ocrx_word' id='word_1_108' title='bbox 444 1697 595 1756; x_wconf 81' lang='lat' dir='ltr'>Caecinae</span> <span class='ocrx_word' id='word_1_109' title='bbox 608 1693 690 1774; x_wconf 88' lang='lat' dir='ltr'>(narn</span> <span class='ocrx_word' id='word_1_110' title='bbox 705 1696 793 1753; x_wconf 87' lang='lat' dir='ltr'>etiam</span> <span class='ocrx_word' id='word_1_111' title='bbox 808 1702 868 1754; x_wconf 89' lang='lat' dir='ltr'>turn</span> <span class='ocrx_word' id='word_1_112' title='bbox 885 1696 967 1754; x_wconf 86' lang='lat' dir='ltr'>vinc·</span> 
     </span>
     <span class='ocr_line' id='line_1_17' title="bbox 90 1793 966 1875; baseline -0.003 -20"><span class='ocrx_word' id='word_1_113' title='bbox 90 1803 136 1855; x_wconf 87' lang='lat' dir='ltr'>tus</span> <span class='ocrx_word' id='word_1_114' title='bbox 175 1795 254 1875; x_wconf 90' lang='lat' dir='ltr'>erat)</span> <span class='ocrx_word' id='word_1_115' title='bbox 273 1799 440 1864; x_wconf 81' lang='lat' dir='ltr'>exsolvunt,</span> <span class='ocrx_word' id='word_1_116' title='bbox 462 1802 611 1870; x_wconf 85' lang='lat' dir='ltr'>orantque,</span> <span class='ocrx_word' id='word_1_117' title='bbox 632 1801 665 1852; x_wconf 84' lang='lat' dir='ltr'>ut</span> <span class='ocrx_word' id='word_1_118' title='bbox 689 1811 805 1853; x_wconf 68' lang='lat' dir='ltr'>omnesne</span> <span class='ocrx_word' id='word_1_119' title='bbox 827 1811 895 1852; x_wconf 82' lang='lat' dir='ltr'>auae</span> <span class='ocrx_word' id='word_1_120' title='bbox 923 1793 966 1852; x_wconf 83' lang='lat' dir='ltr'>de·</span> 
     </span>
     <span class='ocr_line' id='line_1_18' title="bbox 84 1894 966 1972; baseline 0.001 -21"><span class='ocrx_word' id='word_1_121' title='bbox 84 1901 219 1972; x_wconf 78' lang='lat' dir='ltr'>precator</span> <span class='ocrx_word' id='word_1_122' title='bbox 237 1894 366 1953; x_wconf 57' lang='lat' dir='ltr'>adsient.</span> <span class='ocrx_word' id='word_1_123' title='bbox 388 1897 611 1967; x_wconf 79' lang='lat' dir='ltr'>adspernantern</span> <span class='ocrx_word' id='word_1_124' title='bbox 636 1900 851 1971; x_wconf 84' lang='lat' dir='ltr'>tumentemque</span> <span class='ocrx_word' id='word_1_125' title='bbox 873 1898 966 1970; x_wconf 85' lang='lat' dir='ltr'>laery-</span> 
     </span>
     <span class='ocr_line' id='line_1_19' title="bbox 89 1991 966 2070; baseline 0 -18"><span class='ocrx_word' id='word_1_126' title='bbox 89 1996 146 2052; x_wconf 86' lang='lat' dir='ltr'>mis</span> <span class='ocrx_word' id='word_1_127' title='bbox 160 1994 287 2068; x_wconf 77' lang='lat' dir='ltr'>fatigant</span> <span class='ocrx_word' id='word_1_128' title='bbox 300 1991 476 2070; x_wconf 84' lang='lat' dir='ltr'>(extremum</span> <span class='ocrx_word' id='word_1_129' title='bbox 491 1991 645 2070; x_wconf 86' lang='lat' dir='ltr'>mulorum)</span> <span class='ocrx_word' id='word_1_130' title='bbox 668 2000 711 2050; x_wconf 90' lang='lat' dir='ltr'>tot</span> <span class='ocrx_word' id='word_1_131' title='bbox 737 1994 884 2052; x_wconf 80' lang='lat' dir='ltr'>tortissimi</span> <span class='ocrx_word' id='word_1_132' title='bbox 901 1994 966 2062; x_wconf 84' lang='lat' dir='ltr'>viri,</span> 
     </span>
     <span class='ocr_line' id='line_1_20' title="bbox 87 2093 965 2167; baseline -0.001 -17"><span class='ocrx_word' id='word_1_133' title='bbox 87 2093 247 2167; x_wconf 81' lang='lat' dir='ltr'>proditoris</span> <span class='ocrx_word' id='word_1_134' title='bbox 270 2109 356 2165; x_wconf 80' lang='lat' dir='ltr'>opem</span> <span class='ocrx_word' id='word_1_135' title='bbox 377 2093 561 2150; x_wconf 86' lang='lat' dir='ltr'>invocantes.</span> <span class='ocrx_word' id='word_1_136' title='bbox 578 2109 646 2148; x_wconf 87' lang='lat' dir='ltr'>mox</span> <span class='ocrx_word' id='word_1_137' title='bbox 675 2095 852 2150; x_wconf 86' lang='lat' dir='ltr'>velamenta.</span> <span class='ocrx_word' id='word_1_138' title='bbox 871 2099 902 2148; x_wconf 91' lang='lat' dir='ltr'>et</span> <span class='ocrx_word' id='word_1_139' title='bbox 922 2093 965 2150; x_wconf 90' lang='lat' dir='ltr'>in·</span> 
     </span>
     <span class='ocr_line' id='line_1_21' title="bbox 87 2188 966 2264; baseline -0.001 -16"><span class='ocrx_word' id='word_1_140' title='bbox 87 2193 163 2248; x_wconf 82' lang='lat' dir='ltr'>lutae</span> <span class='ocrx_word' id='word_1_141' title='bbox 179 2209 231 2264; x_wconf 84' lang='lat' dir='ltr'>pro</span> <span class='ocrx_word' id='word_1_142' title='bbox 257 2192 344 2248; x_wconf 83' lang='lat' dir='ltr'>muris</span> <span class='ocrx_word' id='word_1_143' title='bbox 368 2197 526 2248; x_wconf 86' lang='lat' dir='ltr'>ostentant.</span> <span class='ocrx_word' id='word_1_144' title='bbox 569 2192 645 2248; x_wconf 76' lang='lat' dir='ltr'>(lum</span> <span class='ocrx_word' id='word_1_145' title='bbox 671 2190 818 2253; x_wconf 86' lang='lat' dir='ltr'>Antonius</span> <span class='ocrx_word' id='word_1_146' title='bbox 844 2188 966 2247; x_wconf 81' lang='lat' dir='ltr'>inhiberi</span> 
     </span>
     <span class='ocr_line' id='line_1_22' title="bbox 89 2289 964 2364; baseline -0.001 -17"><span class='ocrx_word' id='word_1_147' title='bbox 89 2289 147 2348; x_wconf 82' lang='lat' dir='ltr'>lein</span> <span class='ocrx_word' id='word_1_148' title='bbox 166 2290 309 2357; x_wconf 74' lang='lat' dir='ltr'>iussisset,</span> <span class='ocrx_word' id='word_1_149' title='bbox 340 2290 424 2363; x_wconf 81' lang='lat' dir='ltr'>signa</span> <span class='ocrx_word' id='word_1_150' title='bbox 455 2290 622 2364; x_wconf 80' lang='lat' dir='ltr'>aquilasque</span> <span class='ocrx_word' id='word_1_151' title='bbox 649 2291 798 2346; x_wconf 81' lang='lat' dir='ltr'>extulere:</span> <span class='ocrx_word' id='word_1_152' title='bbox 821 2294 964 2346; x_wconf 89' lang='lat' dir='ltr'>moestum</span> 
     </span>
     <span class='ocr_line' id='line_1_23' title="bbox 90 2387 966 2462; baseline -0.002 -16"><span class='ocrx_word' id='word_1_153' title='bbox 90 2389 250 2446; x_wconf 84' lang='lat' dir='ltr'>inermium</span> <span class='ocrx_word' id='word_1_154' title='bbox 274 2405 390 2462; x_wconf 81' lang='lat' dir='ltr'>agmen,</span> <span class='ocrx_word' id='word_1_155' title='bbox 409 2388 532 2446; x_wconf 84' lang='lat' dir='ltr'>deiectis</span> <span class='ocrx_word' id='word_1_156' title='bbox 561 2389 591 2444; x_wconf 91' lang='lat' dir='ltr'>in</span> <span class='ocrx_word' id='word_1_157' title='bbox 620 2393 723 2444; x_wconf 86' lang='lat' dir='ltr'>terram</span> <span class='ocrx_word' id='word_1_158' title='bbox 744 2387 846 2454; x_wconf 87' lang='lat' dir='ltr'>oculis,</span> <span class='ocrx_word' id='word_1_159' title='bbox 865 2402 966 2461; x_wconf 83' lang='lat' dir='ltr'>aeque·</span> 
     </span>
     <span class='ocr_line' id='line_1_24' title="bbox 89 2485 966 2559; baseline -0.002 -15"><span class='ocrx_word' id='word_1_160' title='bbox 89 2489 188 2545; x_wconf 72' lang='lat' dir='ltr'>batur.¹</span> <span class='ocrx_word' id='word_1_161' title='bbox 249 2487 502 2544; x_wconf 76' lang='lat' dir='ltr'>Circumstiterant</span> <span class='ocrx_word' id='word_1_162' title='bbox 531 2487 666 2556; x_wconf 74' lang='lat' dir='ltr'>victores,</span> <span class='ocrx_word' id='word_1_163' title='bbox 687 2486 834 2559; x_wconf 82' lang='lat' dir='ltr'>etprimo</span> <span class='ocrx_word' id='word_1_164' title='bbox 854 2485 966 2557; x_wconf 85' lang='lat' dir='ltr'>ingere·</span> 
     </span>
     <span class='ocr_line' id='line_1_25' title="bbox 89 2583 966 2658; baseline -0.005 -14"><span class='ocrx_word' id='word_1_165' title='bbox 89 2589 164 2644; x_wconf 89' lang='lat' dir='ltr'>bant</span> <span class='ocrx_word' id='word_1_166' title='bbox 192 2588 304 2658; x_wconf 77' lang='lat' dir='ltr'>probra,</span> <span class='ocrx_word' id='word_1_167' title='bbox 335 2586 521 2642; x_wconf 87' lang='lat' dir='ltr'>intentabant</span> <span class='ocrx_word' id='word_1_168' title='bbox 549 2585 643 2642; x_wconf 90' lang='lat' dir='ltr'>ictus:</span> <span class='ocrx_word' id='word_1_169' title='bbox 665 2601 743 2651; x_wconf 81' lang='lat' dir='ltr'>mox,</span> <span class='ocrx_word' id='word_1_170' title='bbox 774 2591 805 2640; x_wconf 92' lang='lat' dir='ltr'>ut</span> <span class='ocrx_word' id='word_1_171' title='bbox 835 2583 966 2656; x_wconf 82' lang='lat' dir='ltr'>praeberi</span> 
     </span>
     <span class='ocr_line' id='line_1_26' title="bbox 87 2671 966 2757; baseline -0.007 -13"><span class='ocrx_word' id='word_1_172' title='bbox 87 2671 141 2744; x_wconf 86' lang='lat' dir='ltr'>¹oru</span> <span class='ocrx_word' id='word_1_173' title='bbox 170 2685 368 2750; x_wconf 85' lang='lat' dir='ltr'>contumeliis,</span> <span class='ocrx_word' id='word_1_174' title='bbox 403 2693 443 2751; x_wconf 83' lang='lat' dir='ltr'>et,</span> <span class='ocrx_word' id='word_1_175' title='bbox 478 2684 572 2757; x_wconf 78' lang='lat' dir='ltr'>posita</span> <span class='ocrx_word' id='word_1_176' title='bbox 605 2683 686 2740; x_wconf 90' lang='lat' dir='ltr'>omni</span> <span class='ocrx_word' id='word_1_177' title='bbox 713 2683 831 2750; x_wconf 77' lang='lat' dir='ltr'>ferocia,</span> <span class='ocrx_word' id='word_1_178' title='bbox 859 2689 966 2740; x_wconf 88' lang='lat' dir='ltr'>cuncta</span> 
     </span>
     <span class='ocr_line' id='line_1_27' title="bbox 91 2781 1042 2858; baseline -0.005 -15"><span class='ocrx_word' id='word_1_179' title='bbox 91 2785 168 2843; x_wconf 87' lang='lat' dir='ltr'>victi</span> <span class='ocrx_word' id='word_1_180' title='bbox 197 2783 392 2858; x_wconf 82' lang='lat' dir='ltr'>patiebantur,</span> <span class='ocrx_word' id='word_1_181' title='bbox 417 2783 497 2840; x_wconf 86' lang='lat' dir='ltr'>subit</span> <span class='ocrx_word' id='word_1_182' title='bbox 524 2782 696 2850; x_wconf 85' lang='lat' dir='ltr'>recordatio,</span> <span class='ocrx_word' id='word_1_183' title='bbox 722 2782 788 2854; x_wconf 83' lang='lat' dir='ltr'>illou¹</span> <span class='ocrx_word' id='word_1_184' title='bbox 815 2799 889 2848; x_wconf 88' lang='lat' dir='ltr'>esse,</span> <span class='ocrx_word' id='word_1_185' title='bbox 917 2781 966 2856; x_wconf 85' lang='lat' dir='ltr'>qui</span> <span class='ocrx_word' id='word_1_186' title='bbox 1041 2847 1042 2856; x_wconf 10' lang='grc' dir='ltr'>χ</span> 
     </span>
     <span class='ocr_line' id='line_1_28' title="bbox 91 2882 967 2957; baseline -0.005 -15"><span class='ocrx_word' id='word_1_187' title='bbox 91 2903 184 2957; x_wconf 81' lang='lat' dir='ltr'>nuper</span> <span class='ocrx_word' id='word_1_188' title='bbox 209 2883 347 2940; x_wconf 87' lang='lat' dir='ltr'>Berlriaei</span> <span class='ocrx_word' id='word_1_189' title='bbox 373 2882 516 2940; x_wconf 85' lang='lat' dir='ltr'>victoriae</span> <span class='ocrx_word' id='word_1_190' title='bbox 545 2887 763 2952; x_wconf 78' lang='lat' dir='ltr'>temperassent.</span> <span class='ocrx_word' id='word_1_191' title='bbox 820 2882 890 2946; x_wconf 86' lang='lat' dir='ltr'>Sed,</span> <span class='ocrx_word' id='word_1_192' title='bbox 917 2883 967 2938; x_wconf 88' lang='lat' dir='ltr'>ubi</span> 
     </span>
     <span class='ocr_line' id='line_1_29' title="bbox 91 2979 968 3054; baseline -0.006 -13"><span class='ocrx_word' id='word_1_193' title='bbox 91 2982 235 3046; x_wconf 76' lang='lat' dir='ltr'>Caecina,</span> <span class='ocrx_word' id='word_1_194' title='bbox 269 2987 420 3054; x_wconf 80' lang='lat' dir='ltr'>praetexta</span> <span class='ocrx_word' id='word_1_195' title='bbox 460 2979 666 3052; x_wconf 82' lang='lat' dir='ltr'>lictoribusque</span> <span class='ocrx_word' id='word_1_196' title='bbox 693 2979 826 3054; x_wconf 81' lang='lat' dir='ltr'>insignis,</span> <span class='ocrx_word' id='word_1_197' title='bbox 857 2981 968 3037; x_wconf 87' lang='lat' dir='ltr'>dimota</span> 
     </span>
     <span class='ocr_line' id='line_1_30' title="bbox 90 3077 968 3156; baseline -0.009 -15"><span class='ocrx_word' id='word_1_198' title='bbox 90 3085 187 3148; x_wconf 90' lang='lat' dir='ltr'>turba,</span> <span class='ocrx_word' id='word_1_199' title='bbox 202 3082 311 3138; x_wconf 79' lang='lat' dir='ltr'>Consul</span> <span class='ocrx_word' id='word_1_200' title='bbox 325 3081 455 3146; x_wconf 83' lang='lat' dir='ltr'>incessit,</span> <span class='ocrx_word' id='word_1_201' title='bbox 469 3093 606 3137; x_wconf 82' lang='lat' dir='ltr'>exarsere</span> <span class='ocrx_word' id='word_1_202' title='bbox 632 3079 777 3136; x_wconf 87' lang='lat' dir='ltr'>victores:</span> <span class='ocrx_word' id='word_1_203' title='bbox 799 3077 968 3156; x_wconf 72' lang='lat' dir='ltr'>mrpmbimn,</span> 
     </span>
     <span class='ocr_line' id='line_1_31' title="bbox 90 3175 968 3256; baseline -0.007 -17"><span class='ocrx_word' id='word_1_204' title='bbox 90 3177 391 3256; x_wconf 73' lang='lat' dir='ltr'>emnitinmqne(adeo</span> <span class='ocrx_word' id='word_1_205' title='bbox 414 3179 510 3236; x_wconf 86' lang='lat' dir='ltr'>inrisa</span> <span class='ocrx_word' id='word_1_206' title='bbox 530 3182 642 3236; x_wconf 86' lang='lat' dir='ltr'>seelera</span> <span class='ocrx_word' id='word_1_207' title='bbox 666 3175 746 3255; x_wconf 85' lang='lat' dir='ltr'>sunt)</span> <span class='ocrx_word' id='word_1_208' title='bbox 773 3178 863 3234; x_wconf 88' lang='lat' dir='ltr'>etism</span> <span class='ocrx_word' id='word_1_209' title='bbox 882 3175 968 3255; x_wconf 73' lang='lat' dir='ltr'>perfi·</span> 
     </span>
    </p>
   </div>
   <div class='ocr_carea' id='block_1_3' title="bbox 91 3330 968 3510">
    <p class='ocr_par' dir='ltr' id='par_1_3' title="bbox 91 3330 968 3510">
     <span class='ocr_line' id='line_1_32' title="bbox 121 3330 968 3394; baseline -0.011 -11"><span class='ocrx_word' id='word_1_210' title='bbox 121 3335 210 3383; x_wconf 77' lang='lat' dir='ltr'>Nomen</span> <span class='ocrx_word' id='word_1_211' title='bbox 220 3338 283 3392; x_wconf 78' lang='lat' dir='ltr'>atque</span> <span class='ocrx_word' id='word_1_212' title='bbox 295 3334 413 3394; x_wconf 78' lang='lat' dir='ltr'>imagines]</span> <span class='ocrx_word' id='word_1_213' title='bbox 444 3333 533 3379; x_wconf 88' lang='lat' dir='ltr'>Nomen</span> <span class='ocrx_word' id='word_1_214' title='bbox 544 3333 591 3378; x_wconf 86' lang='lat' dir='ltr'>eius</span> <span class='ocrx_word' id='word_1_215' title='bbox 605 3333 627 3376; x_wconf 90' lang='lat' dir='ltr'>in</span> <span class='ocrx_word' id='word_1_216' title='bbox 642 3333 715 3388; x_wconf 78' lang='lat' dir='ltr'>signis.</span> <span class='ocrx_word' id='word_1_217' title='bbox 749 3331 804 3376; x_wconf 86' lang='lat' dir='ltr'>Mos</span> <span class='ocrx_word' id='word_1_218' title='bbox 815 3330 873 3375; x_wconf 81' lang='lat' dir='ltr'>enirn</span> <span class='ocrx_word' id='word_1_219' title='bbox 885 3331 931 3382; x_wconf 82' lang='lat' dir='ltr'>ille,</span> <span class='ocrx_word' id='word_1_220' title='bbox 942 3335 968 3375; x_wconf 89' lang='lat' dir='ltr'>ut</span> 
     </span>
     <span class='ocr_line' id='line_1_33' title="bbox 91 3382 967 3454; baseline -0.009 -14"><span class='ocrx_word' id='word_1_221' title='bbox 91 3393 238 3454; x_wconf 78' lang='lat' dir='ltr'>imperatoris</span> <span class='ocrx_word' id='word_1_222' title='bbox 253 3393 286 3438; x_wconf 86' lang='lat' dir='ltr'>sui</span> <span class='ocrx_word' id='word_1_223' title='bbox 303 3407 381 3437; x_wconf 86' lang='lat' dir='ltr'>nomen</span> <span class='ocrx_word' id='word_1_224' title='bbox 397 3397 444 3437; x_wconf 84' lang='lat' dir='ltr'>turn</span> <span class='ocrx_word' id='word_1_225' title='bbox 463 3391 551 3436; x_wconf 83' lang='lat' dir='ltr'>vexillis</span> <span class='ocrx_word' id='word_1_226' title='bbox 569 3390 721 3444; x_wconf 74' lang='lat' dir='ltr'>inscriberent,</span> <span class='ocrx_word' id='word_1_227' title='bbox 738 3393 785 3432; x_wconf 91' lang='lat' dir='ltr'>tum</span> <span class='ocrx_word' id='word_1_228' title='bbox 796 3389 869 3432; x_wconf 77' lang='lat' dir='ltr'>sentin</span> <span class='ocrx_word' id='word_1_229' title='bbox 901 3382 967 3436; x_wconf 76' lang='lat' dir='ltr'>buon</span> 
     </span>
     <span class='ocr_line' id='line_1_34' title="bbox 91 3446 707 3510; baseline -0.016 -11"><span class='ocrx_word' id='word_1_230' title='bbox 91 3450 279 3499; x_wconf 86' lang='lat' dir='ltr'>etiaminlibera</span> <span class='ocrx_word' id='word_1_231' title='bbox 291 3451 349 3510; x_wconf 82' lang='lat' dir='ltr'>Rep.</span> <span class='ocrx_word' id='word_1_232' title='bbox 363 3451 429 3495; x_wconf 80' lang='lat' dir='ltr'>video</span> <span class='ocrx_word' id='word_1_233' title='bbox 439 3450 575 3494; x_wconf 78' lang='lat' dir='ltr'>factitatum.</span> <span class='ocrx_word' id='word_1_234' title='bbox 608 3446 668 3500; x_wconf 72' lang='lat' dir='ltr'>inps.</span> <span class='ocrx_word' id='word_1_235' title='bbox 703 3477 707 3483; x_wconf 83' lang='lat'>.</span> 
     </span>
    </p>
   </div>
   <div class='ocr_carea' id='block_1_4' title="bbox 0 0 1057 3834">
    <p class='ocr_par' dir='ltr' id='par_1_4' title="bbox 0 0 1057 3834">
     <span class='ocr_line' id='line_1_35' title="bbox 0 0 1057 3834; baseline 0 0"><span class='ocrx_word' id='word_1_236' title='bbox 0 0 1057 3834; x_wconf 95' lang='lat' dir='ltr'> </span> 
     </span>
    </p>
   </div>
  </div>
 </body>
</html>
