2114 3830
105 219 235 274 nen.
342 198 772 290 urs.1r.esr.73.74.
908 193 980 262 sun

104 376 284 436 ‘mutandos
297 373 375 432 sedis
389 377 530 443 omonut,
554 373 666 430 reliotis
691 371 844 448 paludibus
864 373 895 427 et
914 369 980 428 soli-

105 475 273 533 ‘tndinibns
300 473 369 540 suls,
402 473 638 530 fecundissimum
667 472 723 530 boo
751 472 843 527 solnm
869 485 980 544 rosque

104 573 204 647 ‘ipsos
233 571 423 646 possiderent.
464 572 603 630 Ceterum
638 571 756 628 libertas
781 575 811 626 et
845 570 979 642 speciosa

105 675 248 730 ‘nomine
273 677 497 744 praetexuntur:
519 687 574 728 nea
595 659 745 744 quisquam
768 669 898 726 alienum
921 685 979 724 ser·

98 771 234 830 rvtrturn
261 777 292 827 et
319 770 550 828 dominationem
571 769 628 826 sibi
649 768 831 841 concupivit,
856 772 888 824 ut
916 783 978 824 non

102 871 232 927 ‘eudem
258 869 315 926 ists
343 871 486 926 vooubule
513 871 672 942 usurparet.
714 867 818 940 Regna
843 867 976 940 bellaque
989 876 1031 939 74

103 975 178 1044 ‘per
206 969 321 1028 Gallim
347 985 461 1040 semper
482 967 573 1034 tuere,
594 968 688 1023 donee
722 965 753 1022 in
777 972 904 1022 nostrum
933 963 978 1020 ius
1055 957 1056 986 ³

103 1066 340 1125 ‘concederetis
382 1067 634 1140 Nonnumquam
646 1063 753 1121 totiens
768 1063 905 1129 laeseriti
915 1063 977 1120 iure
1055 1049 1056 1072 ¹

101 1167 271 1226 ‘victorine
282 1165 312 1222 id
334 1167 427 1222 solum
441 1167 525 1222 nobis
540 1163 710 1230 addidimus,
730 1181 786 1238 quo
801 1180 902 1237 panem
917 1168 976 1219 tue-

102 1273 229 1324 ‘retnun
285 1265 362 1332 Nem
390 1281 483 1337 neque
510 1265 593 1338 quies
630 1263 760 1336 gentium
788 1262 851 1342 sine
879 1262 975 1328 aruris,

101 1371 221 1439 ‘neque
231 1379 311 1420 arma
325 1362 389 1420 sine
403 1362 566 1436 stipendiis,
581 1377 674 1434 neque
687 1361 832 1433 stipendis
853 1361 916 1418 sine
927 1359 974 1417 tri-

103 1461 208 1520 ‘butis
221 1462 320 1518 buberi
334 1468 450 1535 queunt.
493 1461 599 1518 cetera
613 1460 644 1516 in
658 1459 805 1517 communi
829 1460 885 1516 rita
897 1465 973 1517 sunt.

106 1562 118 1598 ‘'
130 1561 195 1633 lpsl
210 1563 376 1634 plerumque
399 1559 561 1633 legionibus
583 1559 687 1615 nostris
710 1557 896 1631 praesidetis:
918 1557 974 1632 ipsi
1055 1597 1056 1612 .

101 1661 179 1718 ‘bas
206 1659 334 1732 aliasque
362 1659 528 1730 provincias
553 1659 662 1732 regitis.
704 1657 788 1714 Nibil
810 1665 974 1730 separatum

103 1761 306 1817 ‘clausumve
348 1757 386 1814 ut
416 1760 594 1814 laudatorum
630 1756 800 1830 Prinnipnm
834 1773 899 1814 usus
934 1775 973 1815 ex

105 1866 231 1931 ‘aequm
252 1856 385 1932 quemvis
409 1859 507 1928 prooul
533 1856 702 1930 agentibus:
724 1857 806 1914 saevi
834 1857 973 1930 proximis

103 1956 272 2030 ‘ingruunt
314 1957 460 2029 quomodo
480 1955 671 2022 sterilitatem,
687 1961 735 2012 aut
750 1953 854 2015 nimios
868 1957 974 2014 imbres

104 2053 274 2112 ‘etaetera
299 2061 419 2110 naturae
447 2057 530 2122 mala,
551 2053 593 2110 ite
621 2055 720 2110 luxum
749 2059 796 2112 vel
821 2055 976 2112 avaritiam

102 2163 112 2192 ⁸
124 2153 339 2211 dominantium
350 2155 481 2210 tolerate.
524 2152 607 2208 Vitia
615 2157 707 2232 erunt,
718 2155 813 2210 donee
825 2155 972 2210 homines:

102 2253 179 2310 'sed
195 2269 289 2324 usqne
313 2253 386 2306 been
410 2251 559 2318 continua,
582 2257 611 2308 et
626 2252 777 2308 meliorum
806 2253 976 2310 interventu

104 2357 295 2425 ‘pensmtnn
317 2351 373 2406 nisi
389 2351 470 2418 lorte,
494 2351 606 2406 'latore
620 2355 650 2407 et
673 2349 809 2409 Classico
829 2352 974 2422 regnanti·

106 2453 194 2514 ‘bon
209 2437 549 2522 modernius'tnpertum
574 2450 715 2522 speratist
735 2455 784 2508 ant
809 2449 975 2519 minoribus,

107 2557 216 2624 ‘quam
243 2565 329 2614 nune,
358 2549 471 2605 tributis
499 2552 673 2622 parabuntur
696 2552 852 2614 exercitus,
872 2551 976 2625 quibus

105 2647 271 2705 ‘Gennnni
287 2647 476 2720 Britannique
491 2654 652 2704 arceantur.
695 2649 772 2706 Nam
786 2650 874 2721 pulsis
887 2649 977 2728 (quoti

105 2747 183 2806 ·Dtt
212 2740 398 2821 probibeent)
423 2745 571 2814 Romanis,
596 2747 663 2821 quid
687 2747 774 2816 aliud,
794 2765 880 2823 quam
901 2753 977 2809 bella

131 2895 297 2966 'humbram
316 2899 461 2960 Principum]
494 2897 568 2946 Anrta'
581 2914 675 2958 moure:
696 2916 761 2964 quam
779 2883 823 2951 non
838 2904 909 2964 abest,
939 2908 979 2954 uin

109 2957 809 3078 restituens*nnnsnmmnn
822 2966 851 3034 a
865 2923 979 3072 Boeo‘lu

154 3053 158 3062 ·
216 3053 218 3062 ·
516 3053 517 3056 =
584 3073 585 3076 ,
793 3038 961 3085 :prnmumpno

106 3078 190 3136 nomi
203 3077 306 3129 obsimus,
323 3077 350 3122 in
371 3091 412 3136 pato
430 3077 523 3135 ‹ffirnoe
540 3077 668 3136 minimum,
684 3081 758 3140 probb
772 3097 822 3140 pan,
841 3097 866 3128 oc
880 3089 900 3131 st
912 3100 979 3142 propr

110 3137 241 3183 «duremur.
273 3136 333 3192 Lips.
557 3161 561 3168 -

142 3213 255 3267 Quando
273 3213 418 3282 sterilitatem]
451 3214 567 3262 Pulchrum
586 3216 743 3265 documentum
766 3219 789 3264 in
811 3220 870 3266 mala
889 3220 980 3281 publica

110 3279 135 3322 et
145 3275 174 3318 od
187 3287 214 3317 ea
224 3274 312 3319 sortiter
322 3274 456 3318 nistruanrls.
489 3276 572 3320 Seneca
587 3279 721 3336 praeiverat.
739 3277 773 3324 De
783 3278 860 3322 Const.
872 3278 982 3338 sapientis

108 3337 131 3380 9.
163 3331 245 3401 oman
255 3333 328 3390 itaque
342 3332 427 3388 sapiens
441 3333 472 3379 sis
485 3333 577 3389 patitur,
593 3335 710 3383 albiensis
724 3336 826 3394 rigorem,
843 3340 862 3380 et
876 3336 984 3392 intempe-

111 3395 211 3440 tnnburn
222 3391 283 3447 rasti,
295 3399 322 3438 nt
330 3392 434 3448 fervores
444 3393 568 3450 morbosque
578 3397 599 3438 et
608 3397 677 3438 catera
684 3395 748 3448 forts
756 3393 888 3438 assidentia.
918 3395 982 3442 Erre.

138 3469 279 3522 eridaliud
289 3483 355 3530 prtem
370 3469 436 3531 bella]
467 3470 597 3524 (lanuuium,
613 3471 674 3518 eninr
687 3471 752 3518 fldem
766 3470 849 3532 prouti
861 3471 985 3521 viderunt:

59 3578 65 3589 =
155 3565 225 3608 sor..
247 3568 280 3609 ιι.
582 3549 649 3607 33*
709 3589 724 3620 s
