2100 3834
86 166 159 232 314
410 183 664 234 ursronrnnvur
812 188 841 234 u.
859 187 886 234 ν.
902 188 947 235 m.

84 339 213 398 eollertia
239 337 344 407 liberti,
375 339 454 398 lineo
481 341 589 399 amicto
615 342 717 398 turbae
750 341 945 398 sacricolarum

84 437 225 498 inmixtus
256 441 468 516 ignotorumque,
501 442 577 514 apud
611 439 783 498 cornelium
817 439 946 506 Primum,

84 547 236 613 paterno·
259 539 408 608 clientem,
435 541 517 598 iuxta
543 541 711 609 Velabrum,
739 539 864 597 delituit.
904 539 946 596 Aa

85 639 216 714 potiente
231 654 325 696 rerum
351 647 441 714 patre,
464 641 592 698 disiecto
616 640 726 698 aeditui
754 639 948 704 contubernio,

85 737 232 796 modicum
245 728 386 796 sanctium
407 755 472 796 rovr
487 757 735 806 connuncupant,
749 757 885 814 eramque
904 754 954 810 poa

85 836 152 904 nuit,
177 853 317 913 carusque
340 855 406 895 euos
428 837 458 896 in
481 855 622 896 marmore
646 855 823 912 expressam.
872 837 947 904 Mox,

86 937 243 1011 Imperium
270 939 401 1011 adeptus,
422 955 487 996 rovr
519 955 650 995 ovnronr
681 939 821 1010 templum
843 937 947 1010 ingene,

85 1053 174 1109 aeque
193 1035 224 1093 in
248 1037 315 1094 sinu
338 1037 397 1094 Dei
421 1037 558 1094 sacravit.
612 1037 738 1094 Sabinus
769 1036 948 1102 et'Atticue,

84 1135 197 1191 onerati
212 1136 326 1192 catenis
340 1142 370 1192 et
384 1137 424 1193 ud
434 1136 589 1193 Vitellium
609 1134 697 1204 ducti,
719 1153 898 1210 nequaquem
911 1134 949 1190 in

84 1233 162 1291 ieeto
194 1251 327 1290 sermone
360 1238 500 1308 vultuque
527 1235 723 1308 excipiuntur,
756 1234 947 1300 frementium

86 1333 134 1408 qui
166 1332 210 1389 ine
244 1333 405 1400 candiani
440 1335 566 1407 praemia
587 1341 713 1391 navatae
734 1350 850 1406 operae,
876 1339 946 1406 peta·

87 1434 167 1490 bant.
207 1433 342 1489 Clamore
369 1451 387 1489 a
416 1434 554 1506 proximis
575 1440 648 1502 orto,
668 1433 783 1490 sordide
805 1449 870 1505 para
896 1433 947 1504 ple

87 1533 131 1590 bie
164 1532 337 1606 supplicium
365 1532 470 1589 Sabini
499 1533 643 1606 exposcit,
673 1532 766 1590 minue
794 1529 946 1588 adulation

87 1649 175 1706 eaque
195 1633 307 1689 miscet.
349 1632 483 1690 Stantem
511 1650 562 1705 pro
581 1632 723 1707 gradium
738 1631 840 1705 palatii
860 1629 947 1686 vuol

86 1729 167 1797 lium,
187 1736 217 1786 et
239 1747 338 1802 precer
369 1737 528 1804 parantem,
559 1730 719 1805 pervicere,
739 1736 771 1786 ut
791 1731 946 1786 absisteret

88 1829 170 1886 'I'unr
187 1827 362 1910 confossum.
384 1827 664 1906 commerciumque,
685 1837 715 1888 et
744 1829 844 1902 capite
878 1835 948 1886 tron-

86 1945 162 1995 eum‚
192 1945 295 2001 corpur
318 1929 420 1986 Sabini
451 1929 482 1987 in
511 1929 670 1987 Gemonias
705 1930 835 1987 trahunt.
895 1925 948 1984 Hic

36 2027 184 2091 ibexitue
211 2028 269 2086 viri
289 2029 368 2086 hauri
391 2045 464 2086 eane
482 2028 644 2102 spernendi.
688 2028 823 2102 Quinque
850 2032 881 2084 et
905 2025 949 2082 tri-

86 2129 169 2204 ginta
195 2129 341 2201 stipendia
368 2128 400 2186 in
431 2129 593 2201 Republica
621 2127 739 2194 iecerat,
769 2126 850 2182 domi
881 2124 949 2182 mili·

88 2229 202 2304 tiaeque
222 2231 331 2286 clarus:
363 2227 561 2285 innocentiam
581 2226 777 2302 iustitiamque
805 2227 870 2282 eius
894 2241 950 2281 uon

85 2343 244 2404 ¹argueres:
273 2329 412 2386 sermonis
441 2328 546 2386 nimine
566 2333 635 2385 eret.
678 2329 712 2385 ld
732 2345 821 2384 unum
843 2327 951 2399 septem

87 2430 183 2494 aonia,
216 2429 317 2504 quibus
351 2427 503 2504 Moesiam,
537 2426 699 2491 duodecim,
731 2426 834 2501 quibus
870 2422 951 2482 Prae·

87 2528 227 2586 lecturam
242 2529 320 2586 urbie
336 2528 471 2592 obtinuit,
492 2526 686 2584 calumniatus
706 2531 751 2582 eet
771 2541 873 2583 rumor.
917 2525 950 2580 ln

86 2627 145 2685 fine
167 2627 246 2684 vitae
270 2626 321 2684 alii
340 2644 469 2701 segnem,
490 2627 573 2683 multi
594 2628 770 2683 moderatum
791 2631 821 2682 et
842 2625 951 2683 civium

85 2725 236 2798 sanguinis
264 2743 381 2798 parcum
414 2725 572 2782 credidere.
628 2726 712 2796 Quod
745 2725 822 2781 inter
852 2741 950 2782 omnen

85 2821 258 2890 constiterit,
282 2831 350 2881 ante
372 2823 569 2896 Principalum
592 2823 775 2896 Vespasiani,
795 2824 886 2880 decue
906 2825 951 2880 do·

86 2939 149 2980 mus
165 2939 253 2995 penae
276 2923 416 2980 Sabinum
441 2928 511 2980 erut.
533 2923 683 3004 *Caedem
705 2922 768 2978 eius
791 2923 951 2980 laetamt'u·

86 3023 144 3080 iaec
160 3021 299 3078 Muciano
312 3021 486 3093 accepimus.
529 3023 676 3078 Ferebcot
691 3021 829 3095 plerique,
844 3023 951 3079 ‘etiam

86 3120 172 3193 ‘paci
192 3123 365 3186 consultum,
387 3119 530 3192 dirempta
554 3122 751 3178 aemulatione
772 3123 851 3180 inter
871 3125 950 3192 liuns,

64 3219 66 3224 ’
87 3224 222 3292 ‘quorum
236 3219 309 3274 alter
320 3233 351 3271 ee
364 3215 481 3273 tratrem
492 3219 684 3289 Imperatoris,
699 3224 774 3278 alter
786 3221 952 3282 consortem

86 3313 224 3383 ‘Imperii
250 3309 409 3385 cogitaret!
472 3315 529 3370 Sed
558 3317 700 3374 Vitellius
728 3319 865 3376 Consulis
890 3339 953 3393 sup·

85 3409 205 3480 plicium
231 3409 365 3483 poscenti
391 3411 496 3486 populo
523 3413 637 3484 rent-itit,
667 3419 812 3489 placaturp
830 3435 867 3479 ac
894 3397 955 3478 icl-
