2104 3826
106 159 176 226 134
400 175 653 226 arancaranvnr
828 179 972 230 avan.

96 325 188 394 'dicia
222 327 369 402 obligatae
395 330 508 389 rmenti
535 331 614 389 dono
647 330 798 390 Romanae
830 331 970 400 civitatis,

103 433 134 486 et
147 428 179 486 in
194 433 338 500 posterum
352 428 452 487 tributi
476 431 652 488 levamento.
693 429 851 488 Proximae
873 435 970 488 tamen

105 525 291 585 Germanicia
323 527 502 586 exercitibus
537 528 700 586 Galliarum
731 527 884 596 civitates,
914 547 970 588 non

106 627 210 682 eodem
220 625 329 684 bonore
339 625 464 692 habitae,
478 627 620 700 quaedam
634 627 723 684 etiam
734 625 966 702 linibnaarlemp·

106 723 154 792 tis,
174 725 236 798 pari
261 725 360 783 ‹lolm
389 726 541 783 commoda
570 727 668 782 aliana
696 741 733 783 ac
762 743 831 786 suas
852 727 969 786 ieiunas

106 823 308 882 metiebantur.
349 823 520 882 Germanici
533 825 689 891 exercitas,
703 827 779 900 quod
793 827 971 898 mantonis·

107 919 210 980 simum
232 922 263 980 in
286 922 375 980 tantis
399 923 518 987 viribus.
537 923 661 981 solliciti
685 930 716 980 et
737 924 816 991 irati,
840 925 970 999 superbia

107 1020 234 1078 recentis
259 1020 407 1089 victoriae,
431 1025 461 1076 et
490 1027 577 1089 metu,
607 1026 754 1096 umquam
784 1023 861 1080 alias
882 1031 970 1096 parles

108 1117 259 1176 fovissent.
301 1119 401 1177 Tarde
414 1136 432 1176 a
447 1119 565 1176 Nerone
578 1119 782 1188 desciverant;
804 1139 863 1178 nec
877 1121 969 1180 malim

107 1233 161 1288 pro
180 1215 276 1274 Galba
300 1217 475 1292 Verginius:
495 1233 534 1275 an
554 1217 696 1290 imperare
719 1219 874 1288 volaimct,
899 1220 971 1278 dubi·

109 1330 175 1384 um3
205 1315 333 1373 delatum
359 1315 388 1373 ei
414 1315 544 1374 amitite
574 1315 740 1389 Imperium,
765 1319 971 1376 conveniebat.

110 1412 268 1472 Fonteium
281 1414 457 1487 capitonem
476 1414 618 1482 occisum,
641 1414 729 1472 etiam
750 1415 801 1489 qui
814 1417 901 1490 queri
919 1433 972 1474 nou

110 1517 253 1586 poterant,
287 1519 385 1572 mmen
417 1513 651 1588 indignabantur.
692 1513 763 1570 Dua
790 1514 906 1582 deerat,
930 1517 974 1572 ab

110 1611 367 1688 ductaverginio,
390 1629 441 1684 per
463 1611 678 1670 simulationem
699 1611 870 1670 amicitiae:
891 1630 973 1688 quern

111 1727 170 1767 non
193 1710 308 1777 remitti,
333 1715 418 1784 atque
432 1709 521 1766 etiam
542 1727 621 1766 muln
639 1727 713 1776 esse,
727 1715 877 1782 tamquam
896 1728 974 1768 suum

81 1805 223 1864 9crimen
246 1808 441 1880 accipiebant.
491 1807 629 1880 Superior
648 1807 796 1864 exercitus
822 1810 974 1884 Legatum,

110 1903 311 1961 *Hordeonium
321 1906 975 1978 Flaccum‚,⁸llernebat,sensctcacdebilitate

111 2002 218 2076 pedum
239 2002 411 2070 invalidum,
432 2004 497 2061 sine
520 2005 695 2072 constantia,
712 2005 777 2062 sine
792 2007 974 2063 auctoritate.

113 2121 151 2163 ne
171 2103 269 2179 quieto
294 2104 411 2179 quidem
434 2107 535 2173 milite,
566 2106 714 2180 regimem
747 2108 823 2164 adeo
849 2108 976 2166 lurenms

113 2203 280 2262 infirmitate
307 2204 459 2262 retinentis
495 2207 570 2262 ultro
602 2206 847 2274 accendebantur.
904 2209 977 2266 lale·

115 2303 197 2362 rionis
224 2302 399 2380 Germaniae
427 2303 557 2376 legiones
583 2301 691 2360 diutius
724 2304 788 2361 siue
824 2304 978 2364 consulut

117 2401 212 2473 luere;
232 2403 337 2468 donec,
363 2401 451 2458 missu
472 2402 596 2469 Galbae,
623 2403 661 2458 A.
697 2403 837 2460 Vitellius
869 2405 978 2471 aderat,

114 2501 252 2560 Censoris
266 2501 382 2558 Vitellii
393 2517 428 2558 ac
443 2506 487 2557 ter
498 2501 634 2558 Consulis
648 2501 740 2560 tilius:
768 2503 799 2560 id
810 2503 884 2560 satis
896 2503 975 2561 vide·

117 2601 208 2656 batur.
260 2599 296 2655 ln
317 2599 489 2656 Britannico
509 2599 639 2656 exercitu
661 2600 734 2657 nibil
755 2600 870 2658 irarum.
912 2603 978 2658 Non
1033 2651 1034 2668 ,

116 2711 188 2752 sane
215 2694 290 2750 aliae
311 2695 450 2769 legiones,
478 2714 530 2770 per
555 2713 656 2754 omnes
683 2695 815 2754 civilium
839 2697 979 2758 bellorum
1033 2719 1034 2724 ¹

118 2799 221 2857 motus,
253 2791 438 2852 innocentius
464 2801 602 2870 egerunt:
643 2813 703 2863 seu,
734 2795 801 2869 quia
829 2801 928 2869 procul
951 2802 980 2854 et
1033 2819 1034 2856 l

55 2928 71 2990 ς
119 2891 240 2950 Oceano
272 2892 399 2961 divisae3
435 2911 485 2951 seu
509 2895 618 2951 crebris
650 2893 885 2968 expeditionibus
914 2897 980 2954 doc-

119 2995 166 3050 tae
180 2991 291 3048 bostem
312 2991 405 3064 potius
426 2994 531 3050 odisse.
573 2993 664 3064 Quies
684 2998 714 3050 et
728 2991 863 3066 illyrico:
885 3012 980 3068 quam·
1033 3067 1034 3076 ἵ

119 3107 204 3165 quam
237 3088 353 3146 excitae
380 3107 397 3146 a
425 3091 544 3148 Nerone
571 3092 710 3164 legiones,
736 3093 804 3148 dum
834 3091 865 3148 in
896 3093 980 3150 ltalia
1033 3077 1034 3154 i

119 3193 300 3258 cunctantur,
324 3188 496 3261 Verginium
527 3191 719 3262 legationibus
739 3191 878 3248 adissent.
921 3193 979 3250 Sed
1033 3179 1034 3268 l

119 3287 214 3360 longis
233 3286 334 3357 spatiis
357 3286 475 3341 discreti
498 3287 654 3354 exercitus,
668 3289 742 3361 quod
763 3289 979 3347 salubcrirmum
1033 3299 1034 3336 t

121 3385 220 3440 estad
252 3381 458 3437 continendam
486 3380 639 3440 militarem
672 3385 768 3452 fidem,
802 3403 859 3444 nec
892 3388 981 3455 vitiis,

72 3473 192 3537 lbnec·
210 3477 320 3535 viribus
352 3475 554 3534 miscebantur.
595 3479 701 3538 Oriens
721 3483 817 3542 adbuc
844 3483 980 3544 inmotus.
