2100 3816
80 156 103 201 r.
117 153 142 202 c.
156 156 192 202 aa.
293 154 364 201 nra.
393 149 451 202 xv.
503 151 583 202 cna.
618 129 786 202 65.-6u.
890 135 938 206 93

78 309 109 363 nb
127 307 243 382 insigne
267 308 398 382 corporis
419 309 503 366 rnbnr
526 310 668 378 adstabat,
691 310 852 384 conripitnr
874 311 939 370 nin·

78 408 208 482 eiturque.
252 407 327 466 Mus
352 412 511 466 eorundem
536 408 648 468 iudicio
673 409 792 468 Subrius
814 403 991 470 Ftuvinsti?

77 506 217 564 Tribunus
241 509 425 580 pervertitur,
453 509 545 580 primo
569 509 855 570 ‘dissimilitudinem
879 528 948 570 mn·-

76 605 157 664 ‘rum'
171 607 208 664 au
236 607 438 667 defensionem
463 608 588 674 trahens,
603 613 716 684 ‘neque
740 627 772 666 se
798 615 938 668 astantum

77 710 151 762 ‘curn
165 705 327 764 inermibus
347 712 379 762 et
399 705 573 764 effeminatis
596 712 708 764 tantum
736 707 849 764 facinus
872 725 939 766 con·

76 805 260 865 ‘sociaturum
274 803 290 860 ι’
321 804 401 870 dein,
436 812 587 879 postquam
602 807 765 880 urgebatur,
781 806 937 864 contessio-

77 903 117 960 nis
148 903 271 978 gioriam
297 906 468 977 ampiexus:
501 905 747 980 interrogatusque
771 923 789 962 a
812 906 940 978 Nerone,

75 1003 166 1076 quibus
179 1006 293 1060 caussis
315 1003 352 1060 ad
374 1003 556 1060 oblivionem
580 1003 756 1062 sacramenti
781 1005 939 1078 processis·

76 1107 130 1156 set:
151 1103 298 1159 ‘Orieram
314 1099 361 1168 te,’
385 1101 495 1175 inquit:
517 1111 595 1162 ‘nec
616 1103 765 1180 quisquam
793 1104 846 1160 tibi
870 1103 939 1162 fids·

75 1201 139 1258 'tior
153 1201 279 1262 militum
294 1200 357 1268 tuit,
370 1201 438 1258 dum
453 1201 545 1258 amari
567 1201 705 1262 meruisti.
726 1203 822 1260 odisse
840 1203 937 1277 coepi,

74 1303 235 1375 ‘postquam
252 1299 395 1372 parricida
411 1301 510 1358 matris
524 1307 553 1358 et
569 1301 667 1360 usuris
682 1307 711 1358 et
726 1303 823 1378 auriga
838 1310 868 1362 et
882 1303 938 1360 bis·

73 1398 140 1456 ‘trio
166 1405 197 1458 et
221 1399 421 1458 incendiarius
444 1399 580 1458 extitisti.
635 1401 703 1476 lpsa
725 1403 811 1460 retati
839 1406 939 1470 verbs,

74 1497 132 1573 quia
145 1517 217 1565 nou,
230 1504 263 1555 ut
288 1499 431 1566 Senecae,
446 1502 564 1573 vulgata
574 1509 667 1558 erant.
689 1518 745 1558 nec
756 1501 861 1566 ,minus
876 1519 939 1558 nos

73 1597 229 1656 cidecebet
245 1597 378 1656 militaris
394 1598 449 1656 viri
462 1617 564 1656 sensus
578 1599 743 1671 incomptus
771 1605 801 1656 et
816 1577 939 1655 vatidus.

74 1697 150 1755 Nihil
165 1698 198 1755 in
213 1698 267 1754 itia
278 1697 479 1760 coniuratione
494 1697 611 1771 gravius
626 1699 742 1756 auribus
756 1697 882 1756 Neronis
892 1713 939 1755 ac·

74 1797 175 1854 cidisse
204 1797 347 1862 constitit,
361 1797 419 1872 qui,
434 1803 465 1854 ut
479 1797 622 1854 iaciendis
642 1796 801 1854 sceleribus
828 1813 939 1870 promp-

74 1899 122 1960 tus,
146 1897 189 1954 ita
215 1895 364 1964 audiendi,
383 1913 456 1970 quae
470 1895 591 1974 iaceret,
615 1896 742 1952 insciens
756 1901 826 1952 erat.
868 1895 940 1952 Poe-

74 2011 107 2050 na
121 1995 221 2052 Flavii
237 1994 356 2052 Veiuno
371 1994 464 2069 Nigro
478 1995 613 2052 Tribnno
627 1996 787 2052 mandatur.
810 1995 840 2050 ls
856 1996 945 2066 prox-¹

74 2093 128 2150 inm
154 2094 186 2150 in
201 2111 271 2168 agro
285 2095 417 2150 scrobem
431 2093 518 2150 effudi
531 2094 623 2161 iussit,
647 2111 730 2168 quana
751 2092 882 2156 Flavius,
908 2096 940 2150 nt

74 2188 200 2249 murem
212 2198 238 2248 ct
252 2196 404 2266 msgustum
418 2190 582 2264 increpans,
596 2191 851 2250 circumstantibus
866 2190 939 2248 miii·

74 2290 152 2358 tibus,
175 2309 210 2348 ue
235 2287 287 2354 boc
309 2287 427 2366 modern,
449 2289 553 2364 inquit,
575 2307 609 2352 es
630 2283 788 2368 disciplina.
810 2289 940 2345 admoni-

75 2393 179 2464 iusque,
203 2390 316 2448 sortiter·
341 2391 512 2462 protendere
536 2388 703 2446 cervicemr
736 2385 861 2450 Vtinam,
889 2387 940 2453 ait,

73 2493 100 2545 tu
117 2495 175 2546 turn
183 2485 420 2567 sortiterfera'us.
462 2488 500 2546 Et
516 2489 566 2545 itte
591 2490 711 2546 muttum
726 2491 862 2551 tremens,
873 2503 939 2543 cum
951 2498 992 2556 58

73 2588 122 2646 vix
148 2590 261 2646 duobus
290 2587 396 2645 ictibus
420 2593 507 2660 caput
544 2585 763 2658 ambulavisset,
785 2583 941 2643 saevitiam

72 2689 151 2761 npuri
168 2688 319 2744 Neronem
343 2686 476 2748 iactavit,
501 2683 683 2760 sesquiplaga
694 2682 866 2760 intersectum
880 2664 941 2742 uss

72 2786 203 2844 dicendo.
267 2785 435 2846 Proximum
464 2784 648 2842 constantiae
680 2786 847 2856 exemptum
877 2761 964 2841 Sut'

72 2885 164 2958 nicius
181 2887 287 2956 Asper,
308 2884 460 2952 Centurio,
474 2883 613 2957 praebuit.
635 2883 836 2955 percunctanti
851 2883 943 2940 Nero·

72 2985 111 3053 ni,
132 3001 183 3042 cur
206 2982 238 3040 in
250 2979 360 3040 cundem
386 2999 468 3040 eumn
488 2979 724 3058 commonisset?
743 2981 873 3040 breviter
900 2997 941 3038 re·

98 3158 239 3206 Oblivionem
257 3157 398 3219 acrama]
429 3157 483 3204 Non
502 3163 588 3203 temere
607 3156 738 3206 sacramenti
758 3156 848 3204 mentio.
881 3131 942 3208 Natu

14 3311 16 3324 .
71 3217 289 3328 zltjiietffrssfflpi’,
301 3225 361 3324 1⁰4⁸}oe
380 3217 455 3263 ornnia
474 3217 579 3263 iurabant
596 3216 618 3263 in
637 3217 745 3277 Principis
757 3217 858 3264 satutem.
891 3213 941 3260 Put-

98 3355 243 3428 Sesqsn'ptngn
262 3357 414 3428 intersectum]
453 3355 572 3416 Caligulae
591 3361 753 3420 pracceptum:
783 3353 819 3404 trs
837 3351 898 3411 scri,
917 3353 945 3403 tt!

73 3420 257 3464 murenas
287 3415 350 3473 laps.
382 3417 502 3464 Srret.³tt..
