2100 3816
89 191 201 241 aco.
328 189 400 238 mn.
418 189 440 237 r.
491 189 570 238 oss.
589 167 706 237 6.-8.
868 171 938 237 133

86 344 204 414 Galbae,
224 335 402 418 capitonem
416 345 447 402 in
461 344 631 410 Germania,
644 359 711 400 cum
724 341 831 400 similis
852 359 937 418 coep-

86 444 325 508 tamtcoruelius
351 443 482 518 Aquinus
496 449 525 498 et
551 442 660 500 Fabius
690 441 812 509 Valens,
833 441 937 515 Legati

85 541 228 614 legionum,
242 542 459 609 interfecerant,
476 547 630 614 antequam
650 541 823 596 iuberentur.
865 541 938 598 Fue·

87 655 113 696 ra
133 641 179 713 qui
200 641 364 707 crederent,
391 639 575 712 Capitonem,
608 644 639 695 ut
665 637 789 696 avaritie
814 645 843 694 et
877 637 939 694 libi·

86 737 146 795 dios
169 739 285 795 foedum
311 755 346 796 cc
371 740 557 803 maculosum,
577 737 619 794 ita
642 735 819 811 cogitatione
845 751 939 794 rerum

87 853 215 894 noverum
239 836 435 904 abstinuisse3
456 837 507 892 sed
522 853 539 892 a
553 835 682 909 Legatis,
697 837 804 892 bellum
818 835 938 891 suaden-

85 933 160 1002 tibus,
192 941 342 1008 postquem
370 935 510 1005 inpellere
542 933 736 1008 nequiverint,
765 933 875 990 crimen
903 949 938 990 ac

84 1032 170 1090 luam
202 1031 396 1105 compositum
423 1033 518 1089 nitro:
554 1038 584 1089 et
618 1031 743 1090 Galbam
777 1031 938 1089 mobilitate

86 1127 195 1203 ingenii,
209 1149 257 1197 sn,
273 1149 310 1188 ne
325 1131 411 1187 altius
434 1137 618 1196 scrutaretur,
631 1147 743 1205 quoquo
763 1133 849 1187 modo
861 1137 938 1197 acta,

85 1231 142 1303 quic
165 1230 268 1287 mutari
296 1247 355 1286 non
379 1234 521 1302 poterent,
544 1231 756 1302 comprobasse.
798 1231 937 1286 Ceterum
961 1285 965 1295 ,

83 1333 191 1402 utraque
217 1329 325 1386 coedes
349 1327 465 1384 sinistre
493 1333 630 1400 accepta:
665 1335 694 1384 et
723 1328 820 1384 inviso
846 1329 937 1384 semel
964 1344 1000 1410 '²3

85 1424 221 1499 Principe,
242 1444 293 1482 eeu
317 1428 401 1491 bene,
415 1443 474 1482 *eeu
494 1427 570 1482 male
597 1426 675 1482 lacta
697 1433 837 1498 premunt.
893 1428 938 1482 lla
962 1406 969 1520 ι’

85 1523 249 1582 adierehoot-
260 1524 377 1580 venalia
400 1531 506 1580 cuncta
529 1529 732 1596 praepotentes
748 1523 861 1579 liberti:
879 1539 938 1578 ser·

88 1637 178 1678 sorum
193 1639 294 1678 manus
308 1621 411 1678 subitis
432 1621 547 1688 avidae,
564 1628 609 1686 et,
634 1628 778 1694 tamquam
801 1622 874 1692 appu
896 1635 939 1676 se·

87 1735 154 1784 uem,
166 1720 352 1777 festinantes:
373 1721 531 1794 eademque
545 1737 641 1776 novae
655 1721 739 1776 auiae
752 1722 837 1784 mala,
848 1733 938 1793 aequre
960 1759 967 1770 .

86 1817 186 1888 gravia,
218 1837 278 1875 non
318 1835 409 1892 aeque
450 1825 600 1876 excusata.
641 1819 708 1890 Ipsa
750 1825 829 1873 aetas
870 1818 940 1874 Gal·

86 1913 133 1972 bae
167 1915 268 1973 inrisui
302 1933 339 1974 ac
379 1916 495 1973 fastidio
538 1923 601 1974 erut
634 1917 761 1973 adsuetis
801 1918 938 1974 iuventae
967 1978 972 1989 ‚

86 2012 211 2081 Neronia,
221 2021 253 2071 et
272 2016 463 2088 Imperatores
476 2015 567 2072 forma
580 2031 616 2070 ac
629 2015 733 2071 decore
754 2017 887 2088 corporis,
906 2019 938 2071 ut

86 2117 124 2168 est
145 2129 202 2170 mos
226 2115 316 2186 vulgi,
332 2115 583 2185 comparentibus.
624 2113 661 2170 Et
684 2115 733 2170 hic
746 2117 861 2186 quidem
881 2096 978 2185 lio-3,

86 2225 150 2277 mae,
173 2220 318 2284 tamquam
333 2211 369 2286 in,
387 2218 468 2270 tanta
494 2211 688 2280 multitudiue,
701 2212 814 2286 hupitus
829 2211 937 2268 enimo-

86 2323 139 2366 mm
164 2310 226 2366 init.
279 2310 497 2383 Eprovinoiis,
525 2309 685 2383 Hispaniae
713 2316 843 2392 praeerat
870 2310 937 2364 Clu-

83 2405 140 2462 vius
166 2407 266 2473 liuius,
294 2407 340 2464 vir
372 2409 521 2476 sccundus,
546 2416 576 2465 et
610 2409 690 2481 pacis
725 2407 842 2472 artibus,
879 2407 936 2463 bel-

84 2503 115 2560 lis
147 2505 325 2579 inexpertus.
380 2507 506 2575 Galliae,
535 2523 621 2579 super
663 2505 831 2562 memoriam
865 2504 938 2564 Vin·

107 2677 230 2738 immone
248 2693 316 2726 omae
334 2681 408 2740 uuloe]
440 2678 555 2728 Sententia
572 2679 634 2738 (nam
654 2677 710 2724 elios
728 2677 843 2724 involvere
861 2679 937 2738 video)

81 2737 150 2783 adem
170 2739 228 2784 mala
249 2753 321 2784 novae
344 2739 410 2784 aulae
434 2737 561 2794 Galbianae
585 2737 657 2792 inisse,
678 2751 734 2797 quae
754 2738 842 2792 veteris,
863 2739 938 2785 idest

82 2794 232 2842 Neronianae:
253 2797 291 2842 sed
306 2811 351 2850 nou
369 2798 439 2858 aeque
456 2805 565 2844 excusata.
598 2795 657 2846 Quid
674 2795 726 2844 ilai
747 2796 798 2856 quia
816 2797 937 2844 Neroortu

82 2857 103 2898 et
115 2853 224 2900 natalibus
236 2853 347 2916 Princeps,
363 2856 415 2924 quic
430 2856 523 2911 iuvenis,
541 2853 592 2915 quia
608 2854 630 2900 in
645 2853 732 2914 piebem
742 2855 809 2901 etiarn
819 2857 934 2914 gratiosus.

83 2911 100 2956 lt
141 2928 154 2957 e
174 2914 297 2974 plusculum
317 2913 339 2958 ei
357 2913 424 2960 heere
443 2915 547 2960 volebant
566 2917 590 2958 et
609 2913 757 2970 ignoscebant.
794 2913 846 2960 Non
865 2915 895 2960 sic
915 2915 937 2960 in

81 2969 119 3016 lial
135 2987 155 3026 a,
170 2971 207 3032 qui
218 2974 316 3018 eiectus:
338 2973 374 3034 qui
391 2987 464 3025 senex,
480 2973 574 3032 ideoque
591 2972 685 3030 prudene
702 2986 751 3016 esse
765 2972 876 3020 debebat:
899 2973 938 3034 qui

82 3029 168 3090 lenique
178 3045 264 3088 parcus,
276 3029 352 3086 tristis,
366 3039 389 3076 et
406 3045 446 3092 per
455 3030 544 3077 omniuo
553 3029 628 3091 paucis
643 3037 724 3088 gratim
756 3029 817 3087 [ripe.

106 3107 137 3153 ur
148 3108 209 3164 poris
223 3108 319 3160 orlilrur,
338 3109 402 3154 bellis
419 3109 556 3167 inceperint}
599 3107 664 3154 Pacis
681 3107 767 3154 ortibus
783 3109 835 3154 ferri
855 3113 937 3167 potest,

79 3165 95 3211 si
104 3181 149 3212 eom
166 3165 398 3224 Rhenauointetiigaa
412 3173 521 3223 repertam
539 3168 598 3228 quod
615 3169 668 3213 latet
686 3167 708 3212 in
719 3167 787 3212 verbo
796 3168 938 3223 impurus:

80 3225 133 3270 roim
142 3225 229 3282 generis
244 3229 268 3270 et
285 3225 330 3272 alio
347 3227 449 3294 exempla
460 3226 481 3271 io
490 3225 579 3272 Tacito.
610 3225 787 3286 Quemquamne
799 3226 839 3270 hoc
849 3227 938 3284 quidem

79 3284 218 3330 necessarium
236 3287 279 3336 est,
296 3295 345 3330 oum
363 3285 454 3330 'laotos
474 3298 540 3344 saepe
558 3283 598 3330 tali
617 3285 724 3336 ablativo,
743 3283 843 3328 absolute
858 3284 938 3342 posito,

80 3347 154 3389 ututur.
171 3351 196 3388 ut
213 3343 357 3400 intelligatur,
375 3345 498 3397 instructus,
517 3341 637 3388 abundans.
670 3341 741 3388 Bellis
755 3342 882 3395 inceperim
896 3345 938 3395 est,

80 3400 111 3460 qui
125 3401 195 3446 ualles
211 3415 245 3446 res
267 3401 327 3446 bello
346 3401 420 3459 gessit,
440 3401 517 3460 quibua
534 3401 627 3446 scientia
647 3399 749 3446 militaris
762 3404 937 3456 cognosceretur.

81 3467 156 3512 eontra,
168 3459 222 3506 lolli
232 3459 368 3519 inexpertus,
379 3460 416 3520 qui
426 3459 509 3508 bellum
519 3473 630 3518 nunquam
640 3457 705 3504 vidit.
736 3455 797 3502 Ero.

115 3558 182 3598 vor..
205 3559 240 3597 rr.
558 3541 594 3592 12
