2090 3838
80 158 154 230 2⁰6
392 177 644 228 uisroaiaavn
810 181 840 228 a„
855 179 887 228 ν.
903 178 960 230 aaa.

81 337 133 394 bus
174 333 344 394 incuriosus.
419 334 673 394 Florentissirnum
717 334 824 394 italiae
864 338 960 402 latur.

81 439 220 512 quantum
253 434 330 492 inter
372 435 482 492 Padum
525 437 675 510 Alpesque
708 445 877 509 camporum
927 439 961 492 et

81 533 203 600 urbium,
233 535 319 592 armis
349 533 467 592 Vitettii
497 530 635 608 (namque
665 539 696 592 et
727 536 905 608 praemissae
939 550 960 592 a

83 633 215 694 Caecina
246 634 380 692 cobortes
413 631 608 710 advenerant)
641 634 805 691 tenebatur.
876 634 959 708 Gap·

82 739 113 792 ta
143 733 357 792 Pannoniorum
388 733 492 790 cohors
525 733 602 806 apud
630 732 818 790 Cremonam.
860 733 958 790 Inter-

82 833 162 908 cepti
189 838 308 890 uentum
341 831 452 906 equites
480 847 516 889 ac
538 831 618 888 mitte
638 832 758 889 classici
777 833 856 890 inter
887 833 957 891 Pta-

82 931 211 990 oeutiam
232 931 440 1005 Ticinumque.
460 947 517 1006 quo
535 947 672 988 successu
694 930 876 988 Vitellianus
902 930 958 988 mi-
1010 979 1016 992 .

82 1032 126 1088 les
140 1049 199 1088 non
220 1030 278 1088 iam
302 1029 419 1088 flumine
444 1036 494 1086 aut
515 1029 584 1103 ripis
605 1031 766 1088 arcebatur.
808 1030 956 1088 Inritabat

82 1129 254 1202 quinetiam
275 1129 405 1186 Batavos
428 1128 727 1203 rl'ransrbenauosque
751 1129 849 1186 Padus
873 1130 954 1202 ipse:

82 1243 168 1300 quern
197 1231 325 1298 repente,
354 1233 456 1285 contra
477 1227 668 1298 Placentiam,
689 1227 871 1302 transgressi,
891 1244 955 1300 rap·

83 1326 121 1384 tis
151 1326 320 1401 quibusdam
349 1327 588 1400 exploratoribus,
611 1327 654 1384 ita
682 1332 796 1384 ceteros
817 1333 955 1394 terruere,

82 1430 122 1496 ut,
156 1423 251 1484 edesse
284 1442 388 1482 nnana
410 1423 546 1482 Caecinae
577 1423 737 1492 aeramen,
769 1425 878 1498 trepidi
912 1441 950 1484 ac

18 1527 71 1608 ¹ltt
84 1525 149 1584 taisi
174 1525 347 1584 nuntiarent
388 1524 508 1582 Certum
532 1532 595 1582 arat
618 1523 782 1598 Spurinnae
806 1521 849 1601 (is
871 1526 953 1582 enirn

83 1625 268 1684 Placentiam
287 1621 451 1700 obtinebat)
471 1641 526 1682 nec
546 1624 615 1680 dum
636 1623 753 1680 venisse
778 1623 954 1692 Caecinam,

84 1730 123 1792 et,
149 1725 175 1781 si
196 1724 408 1798 propinquaret,
427 1739 564 1780 coercere
585 1722 663 1780 iutra
689 1721 873 1780 munimenta
902 1723 954 1782 mi-

84 1824 176 1886 titem,
201 1839 257 1878 nec
282 1823 332 1880 tris
355 1821 519 1881 Praetorias
541 1822 677 1878 cobortes
700 1827 730 1878 et
754 1823 837 1880 mitte
861 1824 955 1882 vexil-
1039 1891 1040 1903 χ

85 1922 180 1985 iarios,
212 1921 279 1978 cu'rn
310 1919 409 1994 paucis
442 1919 596 1994 equitibus,
630 1925 771 1978 veterano
806 1921 954 1980 exercitui

84 2021 221 2078 obiicere.
284 2021 343 2078 Sed
369 2019 528 2076 indomitus
555 2019 639 2076 mites
667 2024 699 2076 et
725 2021 796 2077 betti
823 2020 955 2094 ignarus,
1038 2009 1039 2029 ¹

85 2118 232 2191 conreptis
252 2118 342 2191 signis
363 2117 549 2192 vexittisque,
569 2135 659 2186 ruere,
679 2123 711 2175 et
730 2119 870 2177 retinenti
894 2121 955 2178 Du-

85 2217 116 2276 oi
142 2220 201 2276 teta
227 2217 382 2283 intentare,
408 2217 513 2289 spretis
542 2216 769 2274 centurionibus
798 2217 955 2284 Tribunis·
1036 2225 1037 2239 ¹

85 2335 159 2392 quer
179 2317 253 2394 quin,
264 2313 456 2392 proditionem,
470 2321 505 2372 ct
517 2313 636 2372 accitum
649 2313 809 2382 Garunnae,
819 2318 955 2374 clamita·
1035 2323 1036 2343 ¹

86 2421 166 2476 bunt.
208 2417 258 2475 Fit
269 2415 440 2474 temeritatis
451 2415 566 2474 alienae
578 2432 676 2474 comes
690 2415 849 2487 Spurinna,
861 2416 955 2487 primo
1034 2429 1035 2449 ¹

86 2525 216 2587 coactus,
238 2535 305 2576 mox
327 2520 406 2574 vette
429 2517 578 2582 simulans,
599 2535 656 2592 quo
682 2519 745 2590 ptus
769 2518 954 2576 auctoritatis

37 2601 76 2659 ¹9
87 2616 196 2674 inesset
209 2614 350 2678 consitiis,
364 2614 389 2670 si
402 2613 507 2670 seditio
521 2613 696 2670 mitesceret.
746 2613 907 2688 Postquam
922 2615 952 2672 in

87 2718 246 2786 conspectu
273 2712 368 2768 Padus
394 2717 424 2768 et
451 2729 511 2768 nox
537 2713 702 2784 adpetebat,
725 2712 829 2770 vattari
857 2722 953 2770 castra

86 2912 210 2970 animos.
262 2909 345 2966 'l'um'
365 2908 578 2966 vetustissimus
599 2908 718 2982 quisque
735 2908 885 2982 'castigare
898 2925 953 2968 cre·

116 3083 253 3144 Sprsrinnne]
284 3081 406 3128 Vestricius
425 3087 459 3128 est
483 3080 599 3151 Spurinna,
624 3081 724 3139 egregius
743 3080 803 3137 Dux,
824 3086 849 3128 et
868 3082 906 3144 qni
924 3083 953 3130 ad

87 3145 163 3191 Taciti
172 3142 269 3188 medium
280 3155 360 3186 aevum
375 3141 438 3185 vixit.
470 3140 536 3186 Plinii
551 3141 645 3186 Secundi
660 3141 689 3186 de
702 3153 730 3186 eo
740 3141 837 3200 epistota
846 3142 954 3201 capienda

87 3210 129 3252 err,
149 3205 176 3256 tt,
191 3207 212 3248 7.
246 3199 304 3245 Heri
320 3213 334 3244 a
353 3198 446 3255 Sancto,
468 3199 573 3244 Vastsiain
592 3198 701 3256 Principe
714 3204 810 3255 cotnra,
825 3199 953 3257 δ’γιιήππω

87 3259 230 3316 trimnpdnlis
240 3263 309 3302 atatam
319 3257 404 3302 decretu
414 3261 449 3303 eat.
461 3272 526 3318 quem
538 3257 608 3304 lucurn
625 3267 699 3304 temen
710 3259 823 3304 ornacula:
849 3257 954 3318 Vasta-irio

88 3318 223 3376 Spurinnae,
236 3316 342 3372 Principe
353 3320 447 3368 auctore,
458 3315 600 3370 triumphatis
614 3321 687 3363 atatam
696 3317 787 3363 decretu
821 3317 889 3365 Male
898 3318 954 3364 euin

87 3379 183 3422 traiecta
195 3376 268 3420 uerba.
290 3373 350 3429 [aas.
377 3373 412 3420 De
422 3375 468 3419 vita
478 3375 525 3418 eius
536 3375 713 3438 carminibusque
722 3391 743 3421 v.
756 3375 858 3435 Buyerua
868 3376 952 3425 eamn

89 3435 202 3496 Petrupol.
213 3439 230 3481 t.
242 3433 284 3480 Xl.
295 3447 317 3492 p.
328 3435 377 3478 311.
401 3431 462 3479 ΕΜ.
486 3432 760 3494 ct.esrun.ep.1it,t.
