2100 3816
88 151 160 218 100
408 168 594 216 auunmvu
811 169 841 215 a.
857 167 888 214 ν.
904 169 958 216 ris.

5 287 6 344 Ῑ
84 323 126 372 21.
139 321 183 372 22.
205 315 352 372 timeam
361 317 476 372 Paetum
487 320 610 370 noanon
618 316 790 370 Cossutianus
799 324 823 370 et
835 317 962 384 Epriuss
1043 371 1044 408 1

117 411 162 462 23.
183 407 298 460 Baream
309 408 442 460 Soranum
453 406 575 460 Ostorius
586 407 709 460 Sabinus.
744 411 788 460 24.
807 407 853 458 Ad
866 407 959 460 Nero-

120 499 374 550 nesncodiciilosdat
389 497 517 551 Utraseu.
553 498 581 550 Is
593 496 689 549 Patres
700 499 789 550 ssooari
802 499 880 549 iudet.
910 499 959 548 25.
1043 473 1044 512 ¹

118 593 161 642 26.
181 588 315 640 consultat
334 585 461 648 T'trasoa,
481 604 517 639 an
536 589 566 640 in
582 589 658 639 curia
672 584 850 652 defensionem
867 593 960 638 tentet.

119 681 162 730 27.
182 677 257 728 Nero
268 677 394 729 Senatum
405 679 489 729 armis
501 677 606 736 obsidet,
620 677 826 745 infrequentiam
839 675 962 728 Patrurn

119 769 218 832 arguit.
254 769 297 818 28.
320 770 363 818 29.
391 765 534 818 Marcellus
557 766 660 832 Eprius
686 765 843 824 Thraseam,
865 764 962 817 Helvi·

119 859 201 917 diurn,
222 856 417 923 Agrippinum,
439 854 607 916 Montanum,
632 859 676 908 ³0.
694 853 816 906 Ostorius
840 853 962 906 Baream
1043 877 1044 882 ¹

120 963 180 1000 oum
199 948 265 1013 fitia
288 945 403 999 Servilia
424 947 556 997 adrasum.
592 947 636 997 at.
667 944 773 996 Earum
796 944 962 996 miserabilis

119 1036 233 1104 difensio
244 1039 275 1089 in
291 1037 398 1089 Senatu
434 1038 477 1088 32.
498 1034 632 1100 Egnatius
649 1035 843 1101 pseudostoieus
861 1033 965 1100 perfide

121 1128 151 1178 in
168 1125 302 1178 Soranum
318 1125 393 1189 agin-
418 1125 462 1176 oui
479 1129 523 1176 33.
548 1122 654 1176 Cassius
671 1123 868 1189 Asclepiodotus
888 1139 963 1188 egre·

118 1216 194 1282 giam
202 1213 289 1280 fidem
299 1220 423 1280 praestat.
463 1212 604 1274 Thraseae,
617 1212 728 1271 Sorano,
741 1211 869 1264 Seruiliae
882 1212 964 1264 datur

121 1305 216 1356 martis
245 1304 398 1356 arbitrium.
437 1302 581 1364 Heluidius,
606 1302 749 1363 Paconius,
775 1301 857 1354 Italia
877 1302 963 1368 puisi.
1043 1355 1044 1368 χ

120 1391 264 1446 Montanus
291 1393 367 1460 patri
402 1407 542 1444 concessus.
573 1391 759 1444 .Adousatores
785 1391 963 1442 remunerati.

121 1486 164 1536 34.
187 1481 305 1536 turona
328 1483 392 1536 litat
417 1480 476 1533 lari
496 1481 658 1534 Liberatori.
694 1481 773 1533 Anni
795 1480 877 1533 unius
898 1481 963 1533 itaer

121 1580 203 1640 gesto,
217 1575 281 1640 quia
292 1573 394 1640 reliqua
406 1571 470 1626 libri
482 1569 581 1623 Fatum
593 1572 697 1624 inuidit.

158 1701 184 1736 0·
203 1699 351 1736 sternuto.
380 1699 408 1736 Ia·
428 1697 542 1735 PONTIO.
561 1697 707 1734 venusino.
727 1697 797 1733 0088.

60 1869 71 1924 l
89 1843 229 1933 Intnsa
244 1873 352 1930 dehine
368 1873 480 1930 Neroni
493 1873 615 1942 fortuna,
629 1871 855 1946 perennitatem
870 1871 967 1944 ipsius

87 1983 118 2030 et
132 1972 272 2046 promissa
286 1973 408 2030 Cesettii
423 1972 527 2042 Bossi3
547 1971 598 2046 qui
616 1971 730 2046 origine
745 1971 872 2036 Poenus,
883 1988 966 2027 meu·

87 2078 117 2130 te
132 2070 253 2138 turbida,
267 2078 425 2128 noeturnae
440 2071 545 2145 quietis
559 2071 719 2143 imaginem
734 2071 867 2146 adlspem
883 2069 964 2126 haud

87 2169 205 2228 dubiam
226 2169 364 2228 retraxit:
386 2175 545 2243 reatusque
571 2169 704 2235 Romam,
726 2167 873 2241 Principia
901 2167 965 2224 adi·

89 2279 149 2328 tum
176 2274 349 2352 emerentur,
375 2267 531 2341 expromit,
557 2273 721 2340 ‘repertum
749 2266 780 2322 in
809 2283 880 2340 agro
909 2284 966 2324 suo

89 2385 226 2444 ‘specum
253 2367 407 2424 altitudine
427 2367 579 2432 immensa,
606 2382 663 2440 quo
690 2383 797 2440 magna
825 2363 871 2421 vio
900 2365 968 2422 auri

89 2468 315 2534 ‘contineretun
331 2484 390 2523 non
413 2465 444 2522 iu
466 2465 586 2522 sormam
609 2463 761 2537 pecuniae,
785 2464 837 2519 aed
852 2463 917 2519 rudi
934 2469 967 2520 et

90 2567 227 2640 ‘antiquo
252 2566 386 2637 pondere.
409 2566 513 2620 lateres
534 2561 639 2636 quippe
663 2579 838 2636 praegraves
854 2561 967 2630 iacere,

89 2663 289 2722 ‘adstantibus
315 2668 394 2734 parte
409 2663 467 2718 alia
492 2661 655 2735 columnis:
675 2679 749 2734 quae
771 2678 822 2734 per
847 2665 966 2717 tantum

90 2761 177 2820 ‘aevi
206 2763 322 2818 occulta
354 2761 494 2834 augendis
522 2760 722 2832 praesentibus
757 2757 849 2816 bouis.
907 2761 968 2816 Ce-

91 2866 212 2926 ‘terum‚
238 2864 270 2915 ui
294 2859 461 2916 coniectura
478 2860 704 2925 demonstraret,
729 2859 879 2915 Didonem
907 2861 968 2916 Fe·

79 2959 228 3025 mineam,
254 2959 340 3032 'l'yro
360 2958 515 3031 profugam,
539 2958 658 3014 condita
683 2957 873 3031 Carthagine,
897 2957 969 3014 ittae

91 3063 180 3132 ‘opes
202 3057 357 3122 abdidisse,
382 3075 419 3112 ue
447 3073 540 3111 novus
569 3057 690 3128 populus
717 3055 809 3112 nimia
836 3057 970 3128 pecunia

91 3158 272 3224 ‘lasciviret
286 3160 335 3212 aut
350 3155 446 3228 Reges
472 3153 672 3221 Numidarum,
697 3158 726 3210 et
750 3153 824 3210 alias
846 3155 970 3223 intensi,

122 3331 198 3378 Mente
215 3329 315 3389 turbida]
331 3328 346 3374 i.
358 3342 377 3373 e.
391 3327 451 3374 male
468 3339 528 3382 rana,
544 3325 641 3373 iuriam:
657 3341 699 3387 pro
713 3339 758 3388 quo
772 3326 843 3373 verbo
859 3327 971 3376 turbidus

93 3404 159 3453 saepe
170 3393 229 3453 apud
239 3394 319 3452 poetas
329 3387 417 3434 dicitur.
