2090 3838
85 200 203 250 reno.
306 197 377 247 um.
403 197 440 246 rr.
492 198 569 246 car.
597 177 739 248 9.-11.
872 181 941 252 201

84 354 192 430 magnis
213 355 339 412 motibus
361 355 529 428 agebantur.
569 354 677 412 Vibius
704 355 833 430 Crispus,
860 373 946 432 pecu·

83 454 140 521 uia,
169 454 307 527 potentia,
336 453 456 527 iugenio
488 454 566 512 inter
598 457 692 512 claron
726 456 828 528 magia,
860 473 946 531 quam

83 551 157 610 inter
182 555 283 619 bonon,
320 553 450 610 Annium
479 553 626 618 Faustum,
657 553 806 628 Equeetrie
828 555 946 622 ordinin
1034 561 1035 600 ἲ

83 651 128 724 qui
156 651 331 723 temporibus
353 633 480 708 Neronia
507 653 668 710 deletionea
695 652 889 719 ductitaverat,
910 653 947 710 ed

85 751 279 824 cognitionem
308 750 433 806 Senatus
461 754 594 808 vocabat.
637 753 715 810 Nam
742 769 855 818 recena,
878 752 947 810 Gal·

83 849 135 905 bue
169 849 351 920 Principale,
379 855 552 906 censuerant
574 850 683 920 Patren,
704 857 735 906 et
754 857 948 908 commotorum

82 963 195 1004 cumane
208 953 394 1004 mererentur.
440 949 475 1005 ld
490 951 780 1007 Senatunconaultum
796 950 876 1007 varie
890 951 948 1010 iac·

84 1051 180 1114 latum,
208 1054 248 1114 el,
270 1051 352 1119 prout
379 1051 482 1118 poterae
512 1049 560 1102 vel
589 1047 673 1119 inope
700 1065 764 1104 reue
794 1049 947 1120 inciderat,

85 1145 225 1203 infirmum
253 1151 302 1202 aut
331 1146 460 1202 validum
485 1145 669 1204 retinebatur.
714 1149 760 1204 Ad
783 1148 839 1205 hoc
860 1154 947 1206 terro·

84 1243 162 1302 rinet
188 1244 301 1317 propria
317 1243 347 1300 vi
372 1244 490 1318 Crispus
515 1245 694 1311 incubuerat,
717 1247 875 1304 delatorem
894 1247 947 1304 lra-

85 1343 131 1399 lria
159 1343 205 1400 eui
237 1349 417 1416 pervertere:
453 1349 636 1417 traxeratque
667 1361 800 1417 magnam
822 1347 947 1402 Senatus

84 1450 203 1515 partem,
226 1448 258 1498 ul
276 1439 447 1520 inddmmm
459 1448 485 1499 el
507 1440 665 1499 inmeditum
692 1441 753 1498 dedi
772 1441 811 1518 ud
835 1441 948 1500 exilium

83 1543 270 1614 postularent.
332 1542 442 1598 Contra
470 1543 545 1615 np'ud
565 1542 637 1598 alioe
668 1541 743 1598 nibil
777 1557 868 1613 aeque
898 1557 949 1598 reo

84 1641 225 1713 proderat,
253 1657 338 1714 quam
363 1639 460 1697 nimia
494 1639 625 1712 potentia
658 1638 851 1696 aduncatorie:
885 1637 950 1696 duri

83 1745 196 1816 tappulo,
228 1735 272 1794 cdi
304 1735 432 1804 erimina,
456 1736 581 1814 plumeis
602 1735 723 1793 tuomum
746 1753 780 1793 no
803 1743 950 1808 nccmlrm

83 1853 156 1894 more
187 1843 281 1894 tanen
319 1833 486 1894 audiendum
525 1839 694 1894 censebant.
756 1837 795 1893 Et
830 1839 948 1896 valuere

84 1936 185 2008 primo,
217 1935 365 2010 dilataque
398 1935 429 1992 in
463 1951 571 2008 paucos
603 1936 666 1992 dies
698 1935 838 2010 cognitio.
879 1953 947 1996 mox

84 2035 235 2092 damnatus
257 2041 301 2090 eal
323 2034 456 2100 Faustus,
478 2051 657 2108 nequaquam
677 2052 713 2092 eo
733 2037 855 2103 adsensu
875 2035 950 2094 civi·

84 2134 160 2201 tatia,
175 2151 261 2208 quem
275 2133 407 2206 pessimis
421 2133 546 2192 moribus
565 2139 714 2191 meruerat.
735 2135 841 2208 quippe
854 2135 949 2207 ipsum

85 2231 218 2305 Crispum
253 2233 369 2288 eandem
393 2233 597 2288 adcueationee
626 2249 693 2290 cum
717 2233 846 2304 praemio
868 2247 949 2288 exer·

84 2331 179 2390 unisse
207 2333 409 2390 meminerant.
430 2347 485 2388 uec
513 2347 608 2404 poena
633 2329 774 2398 criminis,
796 2331 847 2388 aed
875 2331 950 2386 ultor

83 2430 268 2504 displicebat.
476 2503 485 2508 ⁸

122 2531 219 2588 Laeta
244 2527 362 2586 interim
383 2527 493 2588 Othoni
526 2527 669 2602 principia
693 2527 772 2596 belli,
800 2527 887 2586 motin
912 2527 949 2585 ad
962 2519 998 2577 ll

83 2629 237 2702 imperium
257 2629 318 2686 eiua
333 2645 350 2684 e
365 2628 514 2686 Dalmatia
534 2627 743 2702 Pannoniaque
763 2626 948 2684 exercitibus.

87 2731 185 2788 Fuere
206 2733 327 2804 quatuor
342 2727 491 2803 legiones:
511 2745 529 2784 e
549 2726 651 2802 quibua
672 2727 741 2784 bina
754 2725 847 2784 millia
871 2743 949 2800 prae·

84 2828 192 2898 miaea;
213 2826 294 2901 ipsae
314 2827 436 2884 modicia
450 2827 612 2884 intervallis
636 2828 843 2899 coquebantur:
864 2827 950 2900 sepli-

83 2944 163 2986 maa
179 2925 276 2984 Galba
289 2927 473 3000 conscripta,
494 2930 660 2992 veteranae,
674 2926 827 2982 undecima
841 2941 877 2982 ac
896 2931 950 2983 ter-

84 3027 252 3094 tiadecima,
271 3031 301 3082 et
319 3026 475 3098 praecipua
487 3026 564 3081 lama
583 3024 847 3098 quartadecumani,
860 3025 951 3082 rebel·

84 3125 165 3184 lioue
197 3123 369 3183 Britanniae
402 3139 574 3196 compressa.
636 3123 797 3181 Addiderat
830 3121 950 3194 gloriam

86 3225 179 3292 Nero,
212 3222 357 3296 eligendo,
395 3227 426 3278 ut
459 3221 630 3295 potissimos.
664 3223 741 3279 uude
774 3223 860 3292 longa
892 3219 951 3276 illie

86 3340 154 3397 erga
179 3322 328 3378 Neronem
351 3319 432 3386 tides,
452 3325 482 3376 et
502 3325 601 3376 erecta
623 3319 656 3376 in
676 3320 823 3376 Othonem
846 3316 951 3370 eludia.

89 3421 158 3490 aed,
186 3437 243 3497 quo
273 3421 337 3496 plue
366 3416 472 3480 virium
502 3433 538 3474 ao
559 3415 715 3482 rotrudae
741 3409 848 3469 fiducia
867 3407 952 3472 tardi
