2090 3838
67 187 144 258 212
375 205 625 256 uranonrsnru
791 213 819 260 a.
834 211 862 262 r.
882 213 953 262 aa.

68 361 196 434 equitum
209 358 391 418 interfecere.
406 363 575 420 vulneratur
592 363 659 422 Rex
683 349 861 436 Epiphanes,
890 367 955 426 in-

16 462 57 522 26
69 459 149 534 pigre
164 476 215 532 oro
228 460 344 518 Othone
370 477 493 534 pugnam
515 462 607 519 ciaon
648 463 729 520 'Pom
752 463 953 524 Othonianus

67 560 158 634 pedes
170 558 272 632 enauit.
293 558 413 631 protrita
436 561 561 618 bostium
581 561 656 629 acie,
678 563 755 618 versi
778 563 808 620 in
825 563 948 638 iugum,

68 659 159 720 etiarn
182 658 232 733 qui
256 659 478 718 subveniebant.
499 675 565 740 nana
597 660 729 718 Caecina
757 679 815 720 non
841 663 945 722 simui

68 759 212 825 cobortes,
230 759 282 816 aed
302 758 429 830 singutas
443 757 608 816 acciverat:
629 775 702 833 quae
715 776 762 816 res
774 759 805 818 in
819 762 946 834 praetio

68 857 292 930 trepidationem
323 857 414 923 auxit,
448 873 516 914 curn
549 857 702 930 obcenae,
723 875 780 916 nec
814 875 944 935 usqum

68 955 194 1020 validos,
221 973 311 1028 pavor
336 953 509 1028 fugientium
534 956 688 1028 abriperet.
743 957 816 1015 (tria
845 963 876 1015 et
900 959 942 1017 in

68 1055 171 1114 castris
184 1055 301 1118 reditio,
320 1055 396 1128 quod
410 1073 471 1112 uon
496 1053 626 1114 universi
647 1057 830 1114 diluerentur.
853 1057 942 1114 rinc-

68 1157 114 1212 tus
136 1153 303 1210 Praefectus
326 1159 494 1222 castrorum,
519 1154 610 1212 iulius
634 1154 752 1221 Gratus,
770 1161 937 1230 ‘tamquam

68 1251 175 1318 ‘fratri
189 1253 265 1323 apud
280 1253 426 1310 Othonem
441 1252 587 1317 miiitauti‚
602 1252 795 1325 proditionem
807 1253 937 1328 ageret?

67 1367 134 1410 oum
161 1350 276 1410 tratrem
302 1351 374 1420 eiua
402 1352 506 1408 lotium
535 1351 724 1416 Frontonem,
758 1351 934 1420 Tribunum,

69 1449 230 1510 Othoniani
243 1451 411 1508 subendam
432 1449 555 1508 crimine
581 1450 752 1506 vinxissent.
793 1451 933 1510 Getarum

68 1567 105 1608 ea
118 1550 223 1625 ubique
246 1549 368 1608 formido
387 1549 439 1608 tuit
464 1550 539 1620 errud
563 1544 715 1622 fugientes,
739 1555 936 1619 oecunantes,

67 1649 99 1708 in
114 1649 188 1716 acie,
203 1666 253 1722 pro
268 1651 358 1711 vatio,
372 1657 402 1704 ot
423 1647 531 1706 ‘deteri
550 1643 618 1704 cum
639 1647 777 1704 universo
801 1649 936 1706 exercitu

68 1749 247 1808 ‘Caecinam
262 1747 397 1819 potuisse,
417 1748 447 1803 ni
469 1745 625 1804 Suetonius
640 1746 790 1804 Pauitinus
801 1741 937 1819 receptui

68 1845 267 1912 ‘cecinisset’
281 1847 407 1918 utrisque
422 1845 451 1902 io
467 1845 594 1918 partibus
616 1845 820 1917 percrebuerit.
863 1845 938 1903 ‘Ti-

69 1945 193 2002 ‘muisae
213 1942 263 2013 se,'
284 1945 433 2000 Pautiinus
452 1943 572 2009 serebat,
600 1949 731 2000 ‘tantum
750 1943 870 2016 insuper
895 1947 937 2002 ia-

69 2043 166 2101 ‘boris
180 2059 214 2100 ac
229 2042 352 2108 itineris,
376 2061 413 2100 ne
428 2043 606 2099 Vitellianus
621 2042 714 2106 mites,
725 2059 827 2098 recens
842 2061 859 2099 e
873 2059 935 2100 cns·

68 2141 149 2206 ‘tria
162 2141 251 2200 sessos
275 2143 487 2215 adgrederetur,
510 2147 541 2198 et
565 2141 703 2215 percuisis
728 2143 840 2198 notium
859 2149 937 2198 retro

69 2241 244 2300 ‘subsidium
259 2238 350 2298 soret?
370 2241 445 2313 apud
460 2257 566 2312 panone
580 2259 615 2297 ea
638 2240 731 2298 Ducis
745 2241 821 2298 ratio
834 2241 935 2314 proba·

69 2345 109 2408 ta,
122 2341 153 2398 in
168 2343 271 2416 vulgus
285 2341 408 2397 adverso
422 2355 533 2396 nemore
546 2339 608 2396 tuit.

16 2447 56 2509 27
110 2441 195 2498 Haud
207 2440 330 2514 ‘perinde
354 2438 384 2494 id
411 2439 549 2496 damnum
571 2436 752 2518 Vitellianos
778 2436 810 2494 in
825 2444 935 2494 metunt

69 2540 218 2612 compulit,
244 2554 329 2612 quam
356 2537 392 2592 ad
420 2536 591 2592 modestiam
603 2535 781 2608 composuit:
803 2551 860 2592 nec
886 2551 934 2592 eo·

68 2639 128 2694 lum
151 2638 226 2709 apud
249 2635 418 2701 Caecinam,
445 2634 623 2708 quicuipann
648 2632 680 2690 in
698 2631 814 2690 neiiitem
837 2633 924 2691 conia

68 2735 160 2801 rebat,
183 2731 309 2790 seditioni
335 2731 428 2807 newis
452 2748 536 2808 quom
558 2730 665 2808 μυεὶἱο
691 2737 850 2808 porcium,-
877 2732 936 2789 Fa·

68 2833 111 2892 bii
124 2849 234 2907 quoque
249 2831 384 2889 Valentis
407 2831 510 2903 copiae
523 2827 596 2907 (iarn
615 2830 695 2888 enim
719 2829 861 2888 Ticinum
883 2847 934 2886 ve·

68 2929 165 3006 neret)
195 2929 289 3001 uoaiio
315 2931 438 2986 hostium
471 2934 651 3002 contemptu,
684 2933 714 2985 et
741 2927 937 3007 recuperandi

67 3028 180 3088 decoris
194 3028 340 3100 cupidine,
354 3015 534 3084 reverentius
558 3033 589 3084 et
612 3027 760 3102 aequalius
779 3026 861 3084 Duci
885 3043 936 3101 pa·

97 3181 148 3227 Rea
155 3179 288 3239 Epiphanes]
319 3179 390 3226 Filius
402 3179 513 3235 Antiochi,
525 3179 592 3238 Regis
600 3181 750 3240 Commageni,
761 3178 823 3226 cuius
834 3179 858 3225 in
867 3179 935 3227 rebus

67 3239 200 3299 Vespasiani
208 3245 232 3282 et
241 3239 299 3298 apud
315 3243 412 3284 nostrum
428 3239 519 3286 mentio.
552 3241 573 3285 is
587 3248 635 3286 tum
651 3241 737 3286 Romae
745 3240 794 3296 tuit,
805 3238 936 3297 aiveobsea,

67 3297 936 3415 ‘iiiiiiiiiiaii‘titttitttiffliiiffltitiiiit:

68 3420 222 3467 veterarum,
233 3412 354 3474 qcoetium
366 3414 451 3470 Regum
462 3413 508 3466 filii,
525 3421 548 3458 et
558 3415 681 3477 quicunque
691 3417 778 3478 Regiae
787 3416 864 3477 stirpis
873 3422 936 3475 suni,
988 3436 992 3442 ·

68 3471 142 3532 Reges
151 3474 264 3527 vocantur,
280 3474 304 3518 ut
314 3485 350 3531 op.
361 3469 460 3518 Graecos
468 3471 573 3532 ,iactam
604 3473 665 3522 Em.
