2158 3820
120 161 245 214 rom.
343 161 413 209 ms.
432 162 504 212 xrv.
556 161 638 210 oar.
658 139 827 211 34.-36.
949 142 997 212 27

13 389 14 394 ¹
125 316 280 390 planitiem
294 333 370 384 esse,
395 316 460 376 sine
484 323 561 378 metu
585 315 763 376 insidiarum.
805 317 898 392 lgitur
912 315 1001 392 legio·

120 416 215 476 nerins
245 416 386 490 frequens
413 416 572 484 ordinibus,
599 416 675 474 levis
709 416 818 477 circum
846 423 1000 484 armatum,

122 517 314 588 conglobatus
337 533 388 588 pro
401 515 537 574 cornibus
551 534 640 592 eques
654 517 776 574 adstitit.
819 516 861 574 At
883 516 999 574 Britan·

121 629 223 672 norum
257 614 363 688 copiae
396 614 504 686 passim
539 633 590 688 per
613 621 748 672 oaterraa
769 619 799 672 et
827 622 935 672 turmas
948 632 999 672 ex·

122 716 278 775 enitebant,
299 719 408 784 quanta
420 731 480 769 uon
494 714 566 772 alias
581 714 754 780 multitudo;
769 719 800 772 et
811 712 910 770 enirno
925 715 999 774 adeo

124 811 194 876 lero,
215 815 246 868 ut
276 811 419 886 coniuges
442 829 555 886 quoque
589 818 679 870 testea
717 812 859 873 victoriae
898 829 999 874 secum

123 913 282 984 traherent,
323 913 516 986 plaustrisque
564 912 747 986 inponerent,
788 929 862 988 quae
911 929 999 985 super

120 1019 283 1071 extremum
319 1011 463 1068 ambitum
499 1011 597 1084 campi
620 1017 795 1084 'posuerant
838 1011 1048 1078 Boadieeu,3fi

121 1125 204 1168 curru
234 1111 311 1166 litias
343 1127 412 1182 prae
451 1127 483 1166 se
515 1111 636 1176 vehens,
668 1115 699 1166 ut
732 1127 874 1186 quamque
904 1109 996 1168 natio·

121 1227 188 1270 nem
222 1213 398 1276 accesserat,
433 1214 445 1266 ἱ
457 1207 573 1266 solitum
607 1208 722 1282 quidem
762 1209 923 1278 Britannis,
958 1207 998 1266 t'e·

121 1305 286 1369 ‘minarum
320 1309 410 1366 ductu
444 1306 573 1374 bellare,’
605 1310 783 1370 testabatur:
819 1309 891 1364 ‘sert
926 1313 997 1370 tunc

120 1424 206 1474 enon,
235 1413 268 1466 ut
296 1406 385 1464 tantis
406 1407 561 1467 maioribus
581 1414 682 1474 ortum,
712 1408 845 1484 Regnum
865 1414 895 1466 et
908 1424 992 1482 opes,

121 1509 245 1569 ‘verum
267 1510 299 1562 ut
326 1521 413 1564 unam
440 1522 457 1561 e
479 1508 567 1579 vulgo
582 1507 745 1567 libertatem
769 1506 915 1574 emissem,
929 1523 997 1568 con·

121 1605 248 1662 ‘lectum
266 1603 433 1664 verberibus
447 1621 560 1678 eorpus,
583 1611 793 1666 contrectatam
808 1603 930 1667 filiarum
946 1623 996 1680 pu·

119 1704 275 1762 ‘dicitisrn
287 1704 398 1762 ulcisci.
413 1721 449 1762 eo
461 1713 615 1778 provectas
626 1708 822 1780 Romanorum
834 1705 996 1780 cupidinea,

117 1809 167 1864 ‘ut
181 1820 241 1862 non
264 1819 397 1876 corpora,
413 1821 449 1860 ne
463 1811 614 1870 senectam
628 1805 755 1881 quidem,
778 1809 827 1862 aut
842 1797 996 1878 virginita-

116 1907 198 1958 ‘tem
227 1901 399 1978 inpollutem
430 1904 603 1978 relinquant.
658 1905 774 1967 Adesse
793 1911 889 1966 tamen
913 1906 997 1962 Deos

119 2000 234 2060 ‘iustae
250 2002 410 2060 vindictae.
436 2003 581 2066 cecidisse
596 2002 752 2079 legionem,
766 2021 839 2078 quae
854 2003 995 2078 proelium

118 2105 211 2160 ‘ausu
231 2101 288 2162 sit:
309 2107 423 2161 eeteros
446 2101 550 2162 castris
571 2101 721 2170 occultari,
746 2107 795 2164 aut
819 2103 915 2179 lugam
943 2103 997 2163 cir·

119 2199 334 2271 ‘cumspicere
376 2201 424 2258 Ne
438 2200 590 2274 strepitum
604 2201 721 2276 quidem
736 2205 766 2264 et
779 2203 937 2260 clamorem
953 2205 997 2258 tot

118 2297 280 2365 ‘millium
309 2299 415 2356 nedum
439 2300 555 2372 inpetus
578 2304 608 2358 et
629 2317 731 2359 manus
753 2301 920 2374 perlaturos.
963 2300 996 2361 st

120 2396 241 2472 ‘copisa
266 2402 449 2464 armatorum,
476 2399 501 2456 si
525 2415 642 2456 causans
673 2397 742 2456 belli
766 2415 864 2456 ascum
887 2415 995 2472 expen-

117 2517 125 2545 ι
139 2500 253 2568 dorent,
266 2499 445 2558 vincendum
457 2497 509 2556 illa
523 2497 598 2566 scie,
610 2499 658 2555 vel
669 2497 832 2556 cedendum
845 2515 919 2556 esse.
960 2499 994 2556 ld

118 2598 127 2628 ⁴
141 2597 257 2656 mulieri
271 2597 463 2656 destinatum:
488 2597 623 2656 viverent
638 2596 694 2654 viri
708 2602 738 2654 et
751 2595 912 2658 servirent!
926 2637 931 2645 -
946 2598 974 2656 N
977 2605 994 2656 θ’
1005 2602 1047 2662 36

118 2696 279 2756 Suetonius
306 2695 422 2770 quidem
446 2697 478 2754 in
499 2701 594 2756 tento.
608 2693 777 2754 discrimine
802 2696 915 2755 silebat.
936 2697 994 2774 qni,

114 2813 291 2872 quamquem
311 2797 471 2856 confideret
485 2795 595 2862 virtuti,
611 2801 709 2852 tamen
728 2796 947 2854 exhortationes
963 2801 995 2854 et

118 2913 224 2970 preces
246 2895 397 2964 miscebat,
412 2903 419 2929 ⁸
432 2901 463 2953 ut
484 2899 655 2968 spernerent
668 2911 786 2951 sonores
801 2895 993 2963 barbarorum,

117 2999 167 3053 ‘et
178 2995 287 3052 inanes
299 2995 401 3054 minas.
413 2997 477 3069 plus
491 2993 553 3051 illio
564 2993 745 3062 teminorum,
759 3009 844 3067 quem
859 2992 995 3052 iuventu-

147 3168 186 3218 Ns
195 3173 236 3216 atr.
248 3173 278 3215 tot
287 3169 395 3242 muttum]
427 3168 505 3216 Fuisse
514 3167 573 3214 enirn
589 3167 612 3214 in
628 3165 677 3214 scie
686 3165 765 3214 hostili
777 3167 857 3216 lalana
872 3185 905 3231 μυ
920 3167 991 3230 ruder,

118 3231 196 3286 idest,
208 3236 298 3276 centurn
314 3230 393 3290 vigintr
407 3231 479 3277 rnillia
489 3232 612 3283 hominnm,
628 3231 674 3278 Dio
682 3231 799 3278 annotavit
808 3235 845 3284 62,
856 3235 877 3278 2.
933 3241 994 3277 oster

116 3290 204 3344 omisit,
215 3294 240 3335 ut
254 3290 319 3350 plera
334 3305 363 3336 ue
376 3289 430 3342 atie,
448 3290 471 3338 in
487 3291 530 3337 lrac
548 3289 690 3338 narratione:
709 3305 754 3336 non
769 3290 864 3344 incuria,
878 3295 918 3336 aut
927 3291 994 3348 culpe

116 3363 166 3402 sua,
182 3349 231 3403 ssd,
248 3349 310 3409 quod
319 3303 392 3394 *acite
408 3351 512 3406 odorere,
531 3349 675 3406 librariorum
691 3347 887 3407 exscriptorumve,
903 3347 942 3406 qui
954 3347 995 3391 tros

116 3407 190 3456 libros
199 3407 295 3471 pessime
304 3407 476 3456 admutilaruirt.
507 3407 572 3464 [lips.
