2100 3816
90 132 141 200 84
428 141 615 194 murana
817 147 847 196 a.
862 146 895 196 v⁴
911 150 966 197 sn.
1031 129 1032 132 ’

93 303 170 361 later
188 298 305 358 diversi
332 299 455 374 geneda,
475 299 596 365 ordinis,
616 297 732 365 aetatis,
756 315 855 367 sexus,
876 301 967 370 dites,
1032 366 1033 377 q

92 417 242 476 pauperes,
267 399 467 456 taciturnitate
496 397 594 454 omnia
619 397 750 454 cohibita
765 398 840 467 siat;
869 401 970 457 donec

6 481 41 556 ‘l‘
92 498 218 574 proditio
245 497 343 570 coepit
367 515 385 552 e
411 498 497 553 domo
520 494 662 552 Soevini:
694 495 753 569 qui
767 496 862 569 pridie
893 497 966 555 iusi·

92 597 205 656 diarum
229 599 319 653 multo
332 612 465 652 sermone
488 611 556 652 cum
572 593 704 651 Antonio
729 595 850 662 Natale,
891 595 965 654 dein

92 714 237 770 regressus
259 698 386 759 domum,
409 700 612 752 testamentum
636 693 819 768 obsignavit3
850 712 966 768 promp-

93 802 154 854 tum
170 797 276 868 vagina
300 795 460 869 pugionem,
484 796 522 849 de
536 812 592 869 quo
605 811 691 867 supra
714 793 808 859 retuli,
828 798 965 850 nemeae

94 893 220 952 danem
256 895 420 965 increpans,
442 891 569 968 caperrata⁸
600 909 669 949 saco
696 896 722 948 ct
743 889 775 948 r‘n
802 908 966 948 meacm

95 991 235 1050 ardescere
259 993 350 1057 iussit,
371 1008 491 1064 eamque
505 1008 604 1048 curarn
619 991 724 1047 liberto
741 989 868 1046 Milicho
882 1008 964 1048 maa·
1038 997 1039 1004 ’

94 1092 185 1148 davit.
227 1089 319 1146 Simul
343 1089 515 1146 adfluentius
536 1087 810 1146 solitoconvlvium
835 1089 964 1146 initum:

95 1205 242 1246 servorum
264 1188 407 1245 carissimi
432 1188 564 1246 libertate
585 1196 615 1245 et
640 1188 691 1245 alii
713 1189 836 1260 pecunia
851 1188 966 1246 donati.

95 1291 181 1360 atque
195 1289 256 1357 ipse
281 1294 408 1343 moestus
432 1293 462 1344 et
478 1303 600 1360 magnae
621 1287 810 1360 cogitationis
830 1287 969 1345 maniles-
1041 1282 1042 1310 ³

96 1389 142 1442 tus
156 1390 227 1448 erat,
240 1386 372 1459 quamvis
384 1386 524 1442 laetitiam
539 1385 621 1458 vagis
644 1385 824 1442 sermonibus
848 1386 967 1444 simula·
1042 1402 1043 1416 ³

95 1489 147 1541 ret.
189 1481 339 1540 Postremo
354 1479 514 1538 uulneribus
532 1481 695 1556 laguncula,
714 1481 869 1558 quibusque
887 1481 966 1542 siuti·

96 1579 284 1656 tursarsgar'c
303 1565 409 1656 parare
433 1582 558 1638 eundem
585 1581 738 1638 Milichum
759 1589 877 1652 mouet3
898 1583 966 1640 sive
1044 1649 1045 1656 ἵ

97 1699 216 1756 gnarum
248 1679 456 1737 coniurationis
489 1685 520 1736 et
553 1679 623 1737 illuc
657 1697 745 1754 usque
779 1680 878 1746 fidum,
912 1699 967 1740 seu

97 1781 226 1837 nescium
253 1785 283 1833 et
310 1784 379 1834 tunc
401 1778 521 1850 primum
546 1777 673 1850 adreptis
687 1779 910 1852 suspicionibus,
931 1784 966 1838 ut
1045 1767 1046 1776 ἦ

97 1877 225 1950 plerique
253 1875 405 1943 tradidere,
430 1878 468 1933 de
494 1877 747 1951 consequentibus.
788 1879 876 1946 Nam,
897 1893 967 1938 cum
1046 1882 1047 1904 ³

97 1991 196 2032 secum
217 1975 332 2031 servilis
356 1975 469 2032 animus
498 1978 625 2049 praemia
645 1977 782 2050 perfidiae
803 1979 963 2049 reputavit,

98 2050 238 2147 simulque
252 2072 385 2130 inmensa
398 2075 522 2146 pecunia
536 2081 565 2131 et
580 2076 709 2148 potentia
724 2077 966 2146 obversabantur,

98 2173 186 2230 cessit
209 2173 251 2230 ias
271 2180 300 2229 et
315 2175 391 2230 salus
410 2174 522 2246 patroni
536 2179 566 2231 et
579 2181 719 2248 acceptae
738 2174 881 2232 libertatis
906 2193 966 2233 me·

98 2272 197 2330 moria.
239 2272 357 2329 Etenim
372 2271 469 2328 uxoris
488 2290 600 2346 quoque
619 2273 774 2330 consilium
797 2275 965 2346 adsumpse-

98 2377 152 2438 rat,
164 2372 303 2428 muliebre
317 2387 352 2426 ac
365 2370 500 2427 deterius.
520 2371 626 2444 quippe
650 2373 725 2428 ultro
746 2377 855 2429 metum
868 2372 966 2430 inteu-

98 2472 186 2534 tahat,
215 2472 392 2544 ‘multosque
417 2468 561 2526 adstitisse
587 2468 705 2526 libertos
725 2486 761 2527 ac
782 2487 894 2538 servos,
914 2470 966 2546 qui

98 2570 219 2625 ‘eadem
245 2568 387 2624 viderint:
408 2566 481 2623 nihil
505 2567 679 2638 profuturum
695 2567 778 2626 unius
792 2569 964 2628 silentium:

99 2669 142 2722 ‘at
158 2666 283 2738 praemia
299 2683 387 2737 penes
402 2682 487 2722 unum
508 2665 576 2730 iore,
600 2667 648 2741 qui
673 2666 784 2724 indicio
796 2669 965 2739 praevenis·

44 2762 182 2828 55‘set.’
222 2763 320 2837 igitur,
344 2769 448 2835 coepta
469 2766 543 2829 luce,
568 2764 706 2824 Milichus
721 2767 751 2823 in
777 2767 875 2824 hortos
898 2769 966 2825 Ser·

98 2864 223 2922 villanos
244 2862 353 2935 pergit:
374 2867 411 2930 st,
441 2879 507 2920 curn
536 2863 643 2920 loribus
673 2870 828 2931 arceretur,
855 2883 965 2941 magam

97 2969 122 3020 et
134 2959 240 3020 muodo
253 2959 363 3039 odsem
375 2961 523 3026 dictitans,
536 2963 732 3038 deductusque
743 2966 780 3019 ab
790 2963 964 3022 ianitoribus

97 3064 133 3122 ad
154 3061 286 3119 libertum
308 3062 442 3128 Neronis,
463 3061 701 3134 Epaphroditum,
722 3079 790 3120 moa
811 3063 849 3119 ab
868 3080 906 3120 eo
925 3064 964 3122 ad

127 3235 300 3296 Epaphroditur]
331 3235 417 3282 Neroni
426 3238 498 3280 erata
514 3233 608 3292 libellis3
629 3251 693 3296 quem
708 3239 783 3296 tamen
792 3236 882 3282 fortuna
893 3236 964 3288 minus

97 3296 207 3345 celebrem
223 3294 284 3352 terit,
303 3307 369 3356 quam
392 3307 469 3342 servm
489 3293 536 3351 ejus
554 3291 675 3366 Mache.
716 3295 842 3342 Stoicorum
861 3297 961 3344 onustes
