2114 3830
83 208 113 255 a.
129 205 161 256 c.
177 209 215 256 n.
312 207 382 256 nra.
409 207 455 259 rr.
505 209 582 258 car.
610 188 668 260 83.
697 191 753 260 aa.
881 193 952 263 393

80 360 191 418 ‘simul
206 359 302 419 visum
316 363 449 421 eumdem
463 364 601 424 invenem
617 368 647 424 in
672 371 787 425 coetum
801 354 881 442 igne¹
894 373 954 443 plu·

79 459 183 516 ‘rimo
203 459 327 517 adtolli’
368 463 564 531 Ptolemaeus,
582 467 680 524 omine
694 473 724 524 et
752 469 892 526 miraculo
904 487 954 526 ex·

81 557 173 622 citus,
196 559 402 618 Sacerdotibus
419 563 640 637 Aegyptiorum,
668 566 770 639 quihus
798 585 860 624 mos
884 568 954 625 tatia

80 656 261 732 intelligere,
299 667 454 718 nocturnos
484 663 563 719 visus
597 665 699 736 aperit.
764 667 860 740 Atque
876 662 953 736 iltis,

82 761 180 820 Ponti
208 773 238 819 et
271 765 457 819 externorum
485 779 584 836 parum
611 765 717 837 gnaris,
752 765 952 834 Timotheum,

83 859 314 928 Atheniensem,
348 879 365 916 e
399 867 486 933 genle
514 853 768 934 Eumolpidarum,
793 881 888 937 quem,
922 869 953 921 ut

81 960 249 1020 antistitem
263 960 512 1024 caerimoniarum,
527 961 665 1017 Eleusine
674 963 835 1028 exciverat,
850 971 952 1036 ‘quae-

78 1065 178 1116 ‘nam
206 1059 259 1115 itta
295 1057 470 1132 superstitio,
497 1061 572 1132 quod
604 1057 751 1118 Nument’
781 1061 949 1135 interrogat.

80 1157 273 1223 Timotheus,
308 1155 455 1231 quaesitis,
489 1157 538 1230 qui
572 1157 603 1214 in
633 1157 757 1215 Pontum
796 1165 951 1228 meassent,

79 1256 248 1330 cognoscit,
269 1257 369 1312 urbem
382 1254 445 1312 illic
471 1255 612 1328 Sinopen,
627 1273 682 1313 nec
694 1260 796 1330 procul
812 1262 951 1331 temptum

80 1362 189 1414 vetere
217 1355 293 1412 inter
320 1356 437 1412 adcolas
458 1353 543 1421 tama,
577 1355 657 1412 lovis
686 1355 773 1412 Dilis.
815 1357 950 1432 Namque

81 1461 114 1514 et
127 1455 298 1512 muliebrem
314 1455 438 1528 effigiem
450 1455 599 1520 adsistere,
620 1471 705 1528 quam
726 1454 854 1528 plerique
883 1455 950 1512 Pro-

81 1555 232 1627 serpinam
247 1559 365 1611 vocent.
407 1555 466 1612 Sed
482 1555 674 1620 Ptolemaeus,
696 1561 725 1610 ut
740 1561 806 1611 sunt
831 1554 949 1627 ingenia

80 1654 210 1728 Regum,
230 1671 334 1726 pronus
362 1654 397 1709 ad
418 1653 611 1716 formidinem,
632 1652 680 1726 uhi
701 1653 840 1710 securitas
854 1653 949 1718 rediit,
992 1662 1015 1725 ,⁵3

79 1755 267 1825 voluptatum
292 1769 378 1825 quam
404 1751 577 1825 religionum
610 1751 759 1824 adpetens,
800 1751 948 1825 negligere
976 1744 1003 1845 i'

78 1851 235 1925 paullatim
251 1851 379 1924 aliasqnc
394 1847 439 1906 ad'
457 1865 540 1906 curas
554 1849 682 1906 animum
700 1855 831 1906 vertere:
853 1852 948 1908 donec
976 1850 979 1868 ¹

80 1951 189 2008 eadem
213 1950 336 2022 species,
369 1948 525 2006 terribilior
550 1949 608 2005 iam
629 1955 660 2005 et
680 1949 850 2016 instantior,¹
870 1948 950 2006 ‘eai-

79 2049 179 2106 ‘tium
199 2048 254 2122 ipsi
284 2044 451 2121 Regnoque'
471 2046 665 2114 denuntiaret,
686 2053 745 2104 ‘ne
765 2048 841 2104 iussa
856 2053 948 2120 patra·

80 2141 211 2205 ‘rentur
253 2146 332 2203 Turn
348 2149 457 2218 legatos
472 2150 501 2202 et
511 2146 587 2202 dona
601 2145 836 2218 Scydrothemidi
863 2144 947 2217 Regi,

79 2245 207 2324 (istunc
234 2243 444 2316 Sinopensibus
470 2241 668 2320 imperitabat)
695 2243 825 2315 expediri
847 2243 945 2316 iuhet:

80 2343 282 2418 praecipitque
310 2341 499 2416 navigaturis,
532 2347 581 2399 ‘ut
609 2341 747 2415 Pythium
776 2341 946 2414 Apollinem

80 2439 234 2500 ‘adeant’
274 2441 338 2498 lttis
360 2441 631 2497 mare'secnadum:
653 2457 713 2497 sors
733 2440 842 2497 oraculi
870 2441 946 2498 haud

72 2541 212 2613 ambigua
223 2559 230 2596 r
244 2540 345 2606 ‘irena
356 2539 600 2614 simulacrumque
610 2539 697 2611 patris
708 2537 753 2596 aui
762 2539 947 2608 reveherent,

79 2638 211 2698 ‘auroris
249 2629 465 2712 relinquerent.¹
520 2637 563 2694 Vt
590 2635 721 2710 Sinopen
749 2655 867 2704 venere,
887 2640 998 2698 rna-84

79 2755 163 2805 nera,
196 2755 307 2811 preces,
346 2737 481 2794 mandata
510 2737 601 2812 Regis
628 2737 673 2793 aui
708 2737 946 2810 Scydrothemidi

81 2839 233 2910 adlegant.
274 2835 333 2908 Qui
353 2851 453 2893 versus
472 2835 572 2899 animi,
593 2835 678 2891 modo
700 2836 816 2893 Numen
841 2854 943 2910 pavea·

79 2954 160 3002 cere,
209 2935 293 2992 modo
333 2931 419 2990 minis
464 2934 646 2990 adversantia
690 2933 787 3006 populi
825 2937 944 2992 terreri:

77 3049 170 3106 saepe
207 3033 291 3089 donia
325 3030 528 3106 promissisque
574 3033 732 3104 legatorum
766 3032 943 3092 flectebatur.

84 3135 185 3205 Atque
220 3130 338 3188 interim
369 3117 495 3186 triennio
521 3134 637 3196 exacto,
672 3130 857 3188 Ptolemaeus
884 3151 943 3191 non

82 3229 218 3294 studium,
239 3246 297 3286 nou
318 3245 427 3301 preces,
457 3227 600 3284 omittere.
655 3227 839 3302 Dignitatem
865 3231 942 3304 tege·

82 3333 185 3394 torum,
219 3343 367 3384 numerum
396 3325 524 3393 narium,
559 3325 620 3383 auri
656 3326 767 3398 pondus
807 3328 940 3400 augebat.

75 3425 162 3485 ‘illurn
194 3426 299 3484 minax
335 3423 425 3482 iacies
466 3422 701 3498 Scydrothemidi
723 3423 847 3492 offertur,
881 3428 940 3484 ‘ne

118 3541 189 3583 von.
211 3543 245 3581 ιι.
522 3525 559 3578 34
