2158 3820
91 182 213 231 scas.
311 181 383 230 nra.
409 183 465 231 xv.
518 183 596 230 nar.
623 161 789 232 stt-42.
905 163 954 232 ¹7³

89 334 176 392 Roma
190 334 358 393 dividitur:
380 353 497 410 quarum
512 343 632 411 quatuor
644 336 773 412 integrae
789 339 954 408 manebant,

90 436 219 490 tressolo
242 439 331 492 tenus
355 435 503 494 deiectae:
526 445 638 508 septem
653 438 768 511 reliquis
784 455 874 510 [rauca
896 445 954 496 lec·
1061 415 1062 490 i

90 534 175 590 torum
190 533 322 606 vestigia
345 541 522 606 supererant,
548 536 687 592 lacerant
706 538 852 594 semiusta.
895 538 954 594 Do·

91 645 183 688 rnuum
206 637 239 688 et
249 632 410 690 insularum
425 639 454 690 et
469 635 649 706 templorum,
676 651 750 708 quae
763 635 867 691 amissa
880 640 955 704 sunt,

92 745 238 788 numerum
252 731 329 786 inire
353 731 430 787 haud
445 738 604 803 promptum
628 733 732 790 inerit:
757 733 808 789 sed
824 733 955 790 vetustis·

88 828 156 886 sima
170 830 324 903 religione,
338 831 414 903 quod
430 831 550 890 Servius
570 829 687 889 Tullius
699 834 810 900 Lunae,
826 837 856 888 et
874 832 956 906 Mag·
1059 845 1060 848 ’

93 943 129 984 na
155 945 202 983 nra
231 929 397 1002 lanamque,
425 945 498 1002 quae
537 931 681 1002 praesenti
711 931 831 988 Herculi
862 935 955 988 Arcas

93 1023 227 1082 Evander
255 1035 431 1096 sacraverat,
457 1029 599 1101 aeriasque
624 1029 746 1086 Statoris
772 1029 862 1094 lovis,
887 1035 956 1088 vols

93 1123 221 1193 Romulo,
244 1126 418 1199 Numaeque
440 1125 528 1200 regin,
548 1132 578 1182 et
589 1128 737 1184 delubrum
756 1127 867 1184 Vestae
888 1144 955 1186 cum
1061 1183 1062 1190 ,

93 1221 249 1280 Penatibus
279 1224 382 1294 Populi
411 1225 546 1291 Romani,
567 1231 678 1281 exusta.
722 1227 782 1282 lam
806 1243 887 1300 opes,
913 1229 956 1282 tot

90 1321 220 1381 victoriis
248 1324 406 1397 quaesitae,
433 1331 463 1380 et
502 1325 680 1381 Graecarum
707 1326 811 1381 artium
838 1325 956 1391 decora,

92 1421 158 1478 exin
174 1422 356 1479 monimenta
380 1423 561 1495 ingeniorum
586 1423 703 1497 antiqua
718 1429 748 1478 et
762 1423 954 1495 inconmpta:

90 1524 231 1594 quamvis.
262 1522 294 1578 iu
323 1527 404 1578 tauta
428 1521 601 1596 resurgentis
630 1521 706 1578 urbis
732 1521 956 1593 pulchritudine,

93 1622 182 1676 multa
205 1619 335 1676 seniores
350 1619 541 1684 meminerint,
556 1637 629 1692 quae
648 1618 773 1691 reparari
789 1618 956 1692 nequibant.

92 1717 197 1784 Fuere,
211 1718 261 1792 qni
275 1719 454 1784 adnotarent,
477 1719 563 1776 xlv.
586 1719 710 1774 Kalend.
733 1717 861 1774 Sextiles
882 1715 957 1790 priu-

91 1815 211 1888 oipinm·
229 1815 360 1873 incendii
386 1817 468 1873 huius
488 1824 589 1884 ortum,
603 1833 660 1890 quo
683 1821 712 1873 et
735 1817 867 1873 Senones
889 1833 955 1889 cup·

92 1919 150 1972 tum
169 1949 173 1956 ‹
190 1917 291 1972 urbem
327 1915 588 1972 inflammaverunt.
619 1915 670 1972 alii
694 1933 730 1970 eo
757 1933 845 1989 usque
885 1931 956 1972 cura

88 2014 231 2088 progressi
245 2019 319 2081 sunt,
334 2020 365 2070 ul
388 2013 509 2070 tolidem
533 2029 625 2070 anuos
639 2029 809 2087 mensesque
833 2019 863 2070 et
889 2014 954 2070 dies

91 2111 168 2170 inter
195 2117 314 2186 utraque
337 2111 474 2168 incendia
506 2116 667 2168 numerent.
710 2111 846 2168 Ceterum
873 2113 953 2170 Nero
964 2113 1007 2172 ln

91 2229 157 2270 usus
172 2217 217 2269 est
237 2212 346 2284 patriae
370 2211 469 2278 ruinis,
490 2211 690 2286 exstruxitque
713 2211 839 2278 domum,
852 2212 883 2267 in
898 2228 955 2283 qua

89 2311 165 2368 haud
194 2311 313 2383 perinde
341 2317 474 2384 gemmae
494 2316 539 2367 et·
558 2327 656 2366 aurum
687 2310 827 2366 miraculo
847 2313 954 2375 esseut,

93 2411 180 2467 solita
200 2410 311 2483 pridem
332 2417 364 2466 et·
382 2413 450 2466 luxu
473 2411 599 2483 vulgata,
613 2423 698 2482 quam
712 2423 781 2464 arva
802 2411 832 2462 et
851 2412 955 2478 stagna

91 2514 122 2568 et
142 2509 174 2566 in
195 2510 311 2566 modum
342 2507 529 2565 solitudinum
550 2507 619 2564 hinc
640 2507 746 2570 silvae,
765 2503 834 2560 inde
854 2508 955 2574 aprerla

90 2609 185 2684 spatia
207 2612 238 2662 et
258 2585 446 2679 prospectus:
477 2604 620 2676 magistris
651 2607 681 2660 et
710 2601 953 2661 machinatoribus

91 2709 206 2768 Severo
225 2711 256 2762 et
278 2705 393 2772 Celere,
413 2706 514 2780 quibus
528 2703 676 2777 ingenium
697 2707 727 2759 et
747 2703 868 2760 audacia
881 2707 953 2776 erat,

90 2808 179 2866 etiam
206 2823 281 2880 quae
300 2795 401 2862 natura
421 2803 636 2876 denegavisset,
657 2819 708 2875 per
726 2806 816 2858 artem
841 2807 953 2858 tentare

90 2911 120 2964 et
142 2905 253 2962 viribus
281 2903 426 2975 Principis
456 2903 595 2958 inludere.
646 2899 789 2974 Namque,
809 2901 866 2956 ‘ab
887 2902 953 2988 lacu

23 3059 26 3068 ,
89 3006 234 3065 ‘Averno
258 3000 455 3076 navigabilem
475 2999 581 3057 lossam
596 3015 684 3072 usque
708 2999 744 3056 nd
758 2997 833 3055 ostia
862 2997 953 3056 'uine-

116 3176 262 3235 lanatum]
294 3175 386 3231 Domus,
408 3173 517 3235 primores
536 3171 604 3227 urbis,
628 3171 718 3226 inuitas,
745 3172 807 3233 plebs
826 3169 950 3217 habitabat

89 3237 218 3296 Vrdeqnae
233 3236 262 3280 de
277 3235 319 3281 hae
337 3249 361 3279 re
373 3235 419 3292 jam
438 3233 532 3280 diximus
546 3232 569 3278 in
589 3231 655 3279 Notis
668 3238 692 3278 et
710 3229 905 3278 Emendationibns
922 3229 952 3276 nd

89 3296 172 3344 Annal.
184 3294 238 3340 xil.
249 3296 285 3340 23.
318 3294 380 3340 Brut.

117 3373 211 3420 suurn
217 3371 289 3439 Jove]
322 3375 346 3418 ln
356 3373 443 3440 decima
453 3371 512 3418 urbis
521 3370 618 3440 regique,
628 3375 652 3416 et
667 3365 765 3414 Palatini
779 3363 859 3413 montis
868 3361 950 3412 radice.

87 3432 181 3493 Templi
191 3431 329 3494 nominisque
338 3431 446 3493 originem
455 3430 521 3479 duret
530 3429 615 3477 brvrus.
627 3429 646 3476 l.
658 3430 694 3474 12.

126 3531 199 3573 von.
220 3530 255 3571 11.
570 3513 587 3564 7
