2100 3816
90 179 212 229 acan
317 178 388 226 nm.
414 177 486 226 xvr.
539 177 616 224 car.
647 154 700 223 18.
731 154 785 224 19.
889 157 958 224 lll

93 332 194 390 tutiora
202 337 236 390 et
243 333 392 407 quandam
404 333 449 390 sui
465 331 673 404 negligentiam
685 330 886 402 praeferentia,
900 335 963 390 lan·

95 436 123 488 to
144 433 269 507 gratius,
295 433 327 490 in
354 431 487 504 speciem
507 429 712 503 simplicitatis,
731 429 961 504 accipiebantur.

96 532 251 591 Proconanl
276 540 375 590 tamen
399 531 613 603 Bithynicam
628 547 695 588 mox
722 531 841 596 Consul,
864 531 963 606 vigen-

96 635 150 688 tem
173 650 207 689 aa
221 647 259 688 ac
281 647 381 704 parem
404 630 529 703 negotiis
553 629 698 688 ostendit:
719 629 787 686 dein
817 631 963 686 revolutor

94 731 129 787 ad
158 731 243 808 vitia,
263 749 316 788 acu
337 731 476 788 vitiorum
506 728 678 796 imitatione,
701 728 778 786 inter
799 745 906 802 paucos
925 728 964 786 trt-

93 827 249 888 miliarium
265 829 379 888 Neroni
400 831 567 899 adsumptus
587 835 640 896 est,
659 828 825 900 elegantiae
840 828 963 896 arbilam

90 929 157 986 dum
171 929 248 987 nibil
271 945 427 986 amoenum
450 934 478 984 ct
504 929 591 984 molle
614 926 772 984 adfluentia
794 931 885 998 putat,
906 924 963 983 nisi

92 1029 164 1102 qnod
179 1029 209 1084 ei
224 1027 381 1086 Petronius
396 1027 627 1099 adprobavisset.
668 1026 756 1082 Vnde
771 1025 885 1082 invidia
908 1024 962 1082 'ri-

88 1127 200 1200 gellini,
213 1126 299 1200 quasi
309 1127 449 1184 adversos
463 1127 607 1182 aemulum
631 1129 661 1181 et
682 1123 806 1182 scientia
830 1125 961 1196 volupta-

92 1229 150 1282 lnm
185 1225 341 1296 potiorem.
386 1225 461 1297 Ergo
493 1223 696 1280 crudelitatem
730 1222 885 1295 Principis,
910 1221 960 1280 cui

91 1329 208 1380 aeterne
244 1322 384 1380 libidines
412 1323 566 1387 cedebant,
600 1321 773 1394 adgreditur,
800 1321 961 1377 amicitiam

89 1421 214 1478 scevam
244 1421 385 1478 Petronio
410 1421 572 1485 obiectans,
595 1425 738 1492 conrupto
761 1422 798 1478 ad
817 1420 960 1478 indicium

88 1537 183 1584 nervo,
195 1521 391 1594 ademptaque
404 1519 584 1586 detentione,
598 1527 629 1578 et
650 1518 759 1576 maiore
779 1523 860 1589 parta
881 1515 961 1576 lami·

90 1621 147 1676 liae
161 1620 194 1676 in
210 1620 311 1676 vineta
333 1627 424 1692 rapta.
466 1621 554 1676 Forte
575 1618 633 1676 iltis
653 1617 755 1676 diebus
770 1616 961 1688 Campaniam
976 1615 1013 1673 19

88 1718 238 1791 petiverat
260 1719 378 1785 caesar,
398 1723 428 1774 et
449 1718 557 1776 Cumas
579 1733 669 1792 utque
683 1731 847 1788 progressus
860 1713 960 1772 Petro·

87 1816 153 1874 nius
174 1817 240 1873 illie
261 1817 453 1874 adtinebatur.
508 1817 575 1874 Nec
597 1816 662 1872 tulit
683 1816 758 1872 ultra
778 1814 888 1872 timoris
911 1818 961 1872 aut

87 1916 149 1988 spei
166 1931 271 1972 morsa
295 1933 388 1989 neque
404 1922 500 1972 tamen
516 1931 656 1987 praecepa
671 1914 761 1972 vitam
775 1913 958 1987 expulit,retl

85 2013 196 2072 incisas
222 2030 323 2078 venas,
353 2019 382 2070 ut
408 2013 531 2079 libitum,
549 2013 701 2088 obligatas,
720 2013 833 2086 aperire
849 2027 959 2070 rutrum

87 2117 117 2168 et
137 2112 258 2186 adloqui
278 2111 398 2182 amicos,
417 2129 475 2168 non
497 2129 547 2184 per
576 2109 660 2177 acria,
691 2118 740 2168 aut
769 2111 870 2185 quibua
891 2127 960 2168 cou-

87 2213 215 2270 rtnntiae
244 2213 368 2285 gloriam
396 2217 517 2284 peteret.
562 2212 765 2286 Audiebatque
793 2211 960 2276 relerentes,

88 2310 164 2367 niirtt
186 2311 224 2366 tle
245 2309 453 2367 inmortalitate
473 2311 588 2366 animae
602 2316 631 2366 el
645 2309 820 2383 sapientium
835 2306 960 2380 placitir,
1040 2361 1041 2364 ,

88 2411 140 2466 aad
159 2409 239 2466 levia
253 2409 383 2466 carmina
396 2416 427 2466 el
448 2409 549 2466 tacitas
565 2425 674 2466 remus.
709 2409 866 2464 Servorum
886 2404 959 2462 atior

87 2507 255 2582 largitione,
276 2509 414 2581 quosdam
438 2508 605 2565 verberibus
625 2506 744 2564 adiecit.
764 2505 831 2562 iniit
850 2505 960 2576 opulas,

87 2623 193 2663 somno
208 2605 338 2675 indulsit,
367 2611 407 2674 ut,
427 2623 600 2681 quamquam
626 2611 729 2664 coacta
756 2621 843 2667 mora,
863 2601 959 2660 fortui-

88 2710 137 2766 tae
150 2704 256 2762 similis
270 2711 357 2762 earet.
398 2707 445 2762 Ne
466 2705 612 2762 codicillis
631 2703 748 2777 quidem
769 2699 858 2780 (quod
874 2701 958 2776 pleri·

87 2823 145 2879 qne
161 2801 358 2882 pereuntium)
378 2805 527 2862 Neronem
540 2809 590 2860 aut
605 2802 795 2876 Tigellinum,
810 2808 959 2876 autquarta

86 2905 179 2960 atium
195 2903 366 2976 potentium,
380 2905 514 2959 arlulatus
531 2908 594 2958 est:
615 2903 666 2958 aed
682 2901 790 2976 flagitia
803 2901 958 2976 Principis,

86 3004 141 3060 rub
155 3001 321 3058 nominibus
336 3003 516 3058 exoletorum
532 3000 758 3074 feminarumque
772 3005 810 3068 el,
826 3001 958 3058 novitate

86 3101 227 3175 cuiusque
247 3101 347 3172 stupri,
375 3099 570 3172 praescripsit,
598 3105 683 3172 atquc
705 3099 858 3173 obsignata
879 3099 957 3156 misit

85 3199 210 3257 Neroni.
230 3198 371 3273 [regitque
392 3199 540 3266 annulum,
572 3215 609 3254 ne
640 3214 707 3255 mox
739 3197 802 3254 usui
823 3203 899 3254 esset
919 3195 956 3252 ad

87 3373 204 3479 libll'ccilct
213 3372 299 3445 wana]
331 3372 388 3422 Sunt
405 3371 494 3429 ludicri,
512 3371 589 3428 iocosi,
606 3369 716 3418 derebus
731 3369 845 3414 amatoriis
859 3374 882 3412 et
897 3365 957 3414 rimi·

121 3447 153 3480 ur.
