2090 3838
85 233 194 288 acen
291 237 362 286 uua.
388 237 427 287 ιι.
474 239 552 290 cnr,
576 219 748 293 tiu-64.
864 223 939 294 235

84 391 223 450 suetudine
237 395 423 466 voluptatum
437 399 467 451 et
480 401 650 470 contemptu
669 397 771 456 Ducis.
812 397 940 457 Praemi-

84 489 156 548 sitin
176 493 273 550 urbem
295 494 516 568 edictumque
541 497 715 554 vccabulum
739 496 863 574 Argileti
886 497 940 556 ‹til-

83 589 171 658 lernet,
202 589 337 648 Qualia
364 605 423 648 uun
447 595 602 666 reciperet,
631 611 700 654 cum
725 597 762 653 de
796 601 939 670 potestate

82 687 332 747 nibilsietnuberet.
374 691 455 748 Pulsi
469 693 556 750 italia
580 694 789 752 mathematici.
811 695 939 752 Cautum

82 771 237 855 serenante
256 791 365 864 equites
386 789 468 846 Rern.
494 788 562 847 lule
584 798 611 849 et
636 807 725 849 arnna
740 789 941 868 polluerentur.

81 887 223 960 prienesiui
248 885 402 960 Principes
426 890 595 961 mcuniaat
618 891 734 962 saepius
754 889 787 947 vi
811 891 940 964 perpuls-

78 991 152 1044 rant:
172 1003 208 1044 ac
223 989 360 1060 plenaque
375 987 535 1060 municipia
548 997 578 1046 et
598 989 734 1046 coioniae
753 992 939 1047 aemulaban-

78 1088 125 1150 tur,
149 1085 403 1158 conruptissirnunn
423 1101 563 1160 quemque
585 1087 815 1146 adolescentium
844 1088 938 1161 pretia

77 1182 199 1242 inlicere.
257 1185 319 1241 Sed
353 1185 502 1249 Vitellius,
525 1185 656 1242 adremu
676 1185 778 1254 iratrie,
805 1192 836 1243 at
862 1187 990 1279 iure-33

76 1283 204 1355 pentibus
227 1273 436 1340 dominatIcnis
464 1283 618 1357 magistris,
641 1285 790 1356 superbior
812 1289 843 1342 et
864 1293 938 1344 utro·

75 1381 138 1450 cion,
163 1381 265 1438 occidi
294 1383 479 1439 Dolabellam
507 1381 598 1450 iussit,
621 1397 706 1456 quam
732 1381 765 1439 in
790 1385 936 1440 coloniam

76 1481 250 1556 Aquinatem
274 1479 432 1552 sepositum
459 1481 497 1536 ab
523 1480 649 1546 Othona,
679 1479 835 1536 retulimus.
877 1481 936 1538 Du·
984 1515 987 1524 ·

74 1581 183 1647 isbettn,
225 1577 325 1636 audite
352 1583 443 1636 morta
479 1577 614 1644 Othonis,
648 1580 749 1636 urbem
776 1577 936 1635 introierat.

73 1677 139 1736 idei
163 1676 305 1735 Plancius
321 1676 425 1741 Varus,
450 1675 589 1733 Praetura
609 1675 735 1742 iunctus,
759 1694 798 1732 ex
825 1675 937 1741 intimis

72 1776 244 1834 Dolabellae
271 1775 384 1840 amicis,
410 1775 486 1847 apud
511 1773 649 1832 Flavium
679 1774 830 1840 Sabinum,
851 1776 936 1833 Prae·

72 1874 174 1933 lectum
190 1873 278 1941 urbis,
291 1873 408 1943 obiecit,
422 1878 433 1910 ⁴
447 1880 592 1948 tamquam
614 1880 697 1947 rupta
720 1874 861 1943 custodia,
875 1875 935 1932 Du·

71 1979 152 2030 ‘cetu
167 1984 200 2030 se
216 1972 306 2029 victis
329 1972 457 2044 partibus
477 1971 671 2029 ostentasset?
690 1973 812 2041 addidit,
825 1978 934 2031 ‘tentu-

71 2067 935 2145 ιιιιιιοοιιοιιοιιι,ι]ιιιοΟιιὶιιιιιιςοιοῐ)ιιιιοιιΙΙὶιιιιιιίοιιιιιι

69 2169 220 2227 criminum
241 2169 465 2241 probationibus.
480 2169 512 2226 iu
539 2169 749 2242 poenitentiam
764 2187 863 2227 veram
892 2187 935 2226 se·

69 2281 137 2336 ram,
145 2263 281 2326 'veniam
306 2274 371 2340 past
396 2269 494 2324 accius
520 2270 683 2342 quaerebat.
738 2267 935 2325 Cunctantem

67 2381 151 2441 super
174 2373 257 2424 tanta
279 2379 312 2422 re
334 2365 473 2424 Flavium
494 2365 643 2432 Sabinum,
669 2365 796 2432 Triaria,
819 2365 856 2422 1,
880 2363 934 2420 Vi-

68 2465 142 2523 teliii
155 2477 241 2532 uncr,
253 2466 327 2520 ultra
347 2464 484 2522 lemiuatn
498 2464 591 2532 leuen,
610 2464 720 2530 terruit,
734 2481 771 2520 ue
786 2461 934 2535 ‘periculo

67 2563 233 2638 ‘Principis
253 2563 358 2620 lamam
378 2537 555 2620 clementiae
557 2533 756 2620 ablactaret?
798 2559 935 2628 Sabinus,

66 2661 198 2736 suopte
188 2663 310 2736 ungento
334 2659 422 2730 mitis,
446 2661 495 2736 ubi
520 2661 643 2718 lormide
666 2659 843 2727 incessisset,
864 2659 934 2718 luei-

65 2761 101 2820 lis
115 2765 238 2826 mutatu,
252 2759 313 2817 et
304 2777 335 2818 ιιι
361 2760 461 2818 alieno
481 2759 651 2817 diectimine
670 2757 726 2817 sibi
754 2775 875 2832 pavens,
895 2765 933 2817 ne

66 2861 220 2918 adlevasse
235 2859 393 2925 videretur,
412 2859 519 2932 inpulit
541 2862 680 2915 ruentem.
723 2857 815 2932 igitur
838 2855 933 2916 Vitel-

65 2959 129 3028 lius,
144 2963 224 3016 metu
238 2964 269 3015 et
281 2959 359 3025 elio,
372 2957 447 3032 quoti
458 2956 635 3021 Petronium,
645 2973 766 3014 uxorem
779 2957 850 3025 eius,
864 2975 932 3015 mox

66 3055 225 3115 Dolabella
257 3057 290 3114 in
330 3055 544 3113 matrimonium
583 3054 756 3127 accepisset,
796 3062 933 3112 vocatum

65 3173 116 3228 per
143 3155 293 3229 epistulae,
317 3154 435 3211 ‘vitata
462 3152 639 3210 Flaminiae·
658 3152 726 3210 viae
753 3153 933 3221 celebritate,

65 3255 219 3312 devertere
253 3252 475 3319 Interamnium,
503 3257 588 3326 atque
609 3250 650 3308 ibi
677 3249 811 3308 interfici’
841 3249 932 3306 iussit.

63 3353 200 3428 Longum
219 3350 399 3408 interfectori
425 3351 536 3406 uisum:
556 3347 587 3406 in
615 3349 721 3404 itinere
748 3364 784 3402 ae
809 3349 933 3401 taberna

66 3453 226 3525 proiectum
260 3449 340 3508 humi
378 3447 542 3521 iugulavit:
578 3461 683 3516 magna
720 3457 787 3496 cum
820 3437 934 3493 invidia

944 2926 985 2986 64
