2100 3834
86 243 217 293 noro.
303 219 773 290 nn.n1.cn.7o.-77.
890 226 966 293 315

86 403 121 458 ul
137 400 237 457 vieern
264 398 398 467 reddens,
421 398 496 473 quod
523 397 777 473 interrogantibus,
804 398 890 472 ‘quis
917 415 964 457 oa·

90 499 248 572 ‘pitolinm
276 495 475 563 iuuandisaat‚’
494 515 526 554 ae
557 513 638 554 reum
668 497 785 554 Allioua
812 500 962 556 obtulerat.

88 596 194 672 anue
209 597 402 662 confessione,
422 595 486 653 sive
510 605 609 668 aptum
630 595 753 668 tempori
779 597 965 656 mendacium

87 697 154 763 luit,
178 695 326 754 invidiam
349 695 517 770 orimeoqoa
545 693 710 770 agnouisse,
734 700 766 751 et
791 712 811 752 a
836 696 964 768 partibus

87 795 213 874 Vilelffi
226 795 371 860 amolitus,
384 794 543 852 videbatur.

130 891 243 952 lisdem
268 894 370 950 diebus
390 895 425 951 L.
450 893 598 960 Vitellius,
619 895 721 967 positis
743 897 819 970 apud
844 895 1017 970 Idmoni-76

87 1011 139 1053 am
163 994 277 1059 castris,
290 993 411 1050 excidio
436 991 617 1050 Tarracinae
645 994 835 1054 imminebat:
857 997 963 1054 olauais

87 1094 154 1152 illio
190 1093 398 1167 gladiatoribus
432 1091 652 1167 remigibusque,
682 1094 731 1168 qui
767 1111 826 1153 non
864 1095 965 1170 egredi

88 1193 220 1262 moenia,
241 1209 333 1267 neque
349 1192 508 1264 {reriuuluna
519 1191 548 1248 in
563 1199 664 1264 aperto
681 1193 835 1252 audebanl.
878 1197 962 1254 Prae·

87 1299 165 1361 erat,
197 1299 230 1350 ut
263 1309 348 1364 supra
381 1290 615 1357 memoravimus,
637 1291 768 1350 lulianus
799 1295 963 1368 gladiatori·

80 1394 152 1460 bus,
187 1391 366 1464 Apollinaris
402 1390 566 1465 remigibus.
613 1390 736 1448 lascivia
774 1393 961 1468 socordiaque

87 1493 285 1568 gladiatorum
299 1491 400 1564 magis,
422 1507 507 1565 quana
530 1491 646 1546 Duoum
667 1489 786 1558 similes,
807 1509 865 1549 non
889 1494 962 1568 vigi·

80 1591 147 1650 lias
171 1608 268 1664 agere,
292 1608 349 1648 non
375 1590 468 1649 intuta
493 1588 639 1645 moenium
655 1589 775 1656 firmare,
791 1597 878 1647 aoolo
902 1591 961 1648 dia·

89 1687 237 1766 que'liuxi
251 1695 281 1746 et
295 1705 416 1746 amoena
432 1688 546 1746 litorum
568 1693 767 1760 personantes,
786 1688 816 1744 in
833 1689 961 1749 ministe-

87 1789 165 1848 rium
181 1791 265 1846 luxus
279 1787 415 1860 dispersis
433 1787 582 1852 militibus,
602 1789 639 1844 de
655 1788 732 1843 bello
753 1793 864 1845 tantum
886 1789 962 1848 inlar

88 1887 235 1947 oonvivia
269 1889 467 1962 loquebantur.
509 1886 622 1942 Paucos
656 1893 724 1946 aule
757 1887 820 1944 dies
853 1889 961 1947 disner-

91 1994 173 2046 sarat
204 1987 332 2060 Apinius
354 1986 450 2043 'l’iroz¹
477 1985 616 2059 doniaqua
640 2002 676 2042 ao
702 1987 832 2058 peouniia
855 1991 960 2046 acerbe

88 2105 144 2166 per
159 2085 318 2158 municipia
342 2084 558 2159 conquirendis,
580 2085 643 2157 plus
665 2084 795 2142 invidiae
818 2104 903 2160 quarn
919 2088 961 2144 vi·

88 2187 166 2244 rium
193 2187 321 2259 partibus
345 2186 480 2242 addebat.
532 2183 652 2240 Interim
679 2186 715 2239 ad
744 2185 778 2241 L.
805 2184 1012 2247 Vitelliumli

89 2303 197 2344 servus
229 2284 364 2358 Verginii
400 2281 556 2355 Capitonis
587 2281 719 2356 periagit,
749 2283 961 2357 pollicitusque,

93 2386 135 2442 ‘si
166 2384 339 2456 praesidium
367 2382 523 2454 acciperet,
552 2399 674 2438 vacuam
705 2397 801 2438 arcem
827 2383 900 2438 lrarli
920 2382 961 2441 lu-

85 2481 223 2548 ‘aarum’
246 2485 339 2543 multa
369 2490 455 2539 noete
491 2483 625 2539 cobortes
654 2480 815 2553 expeditas,
842 2481 960 2539 summis

13 2639 16 2646 ,
89 2575 351 2654 mortinangia,
386 2599 473 2654 super
499 2587 586 2652 eaput
621 2581 746 2636 bostium
773 2579 858 2636 sistit.
891 2580 959 2638 inde

91 2683 178 2742 miles
192 2683 231 2736 ad
252 2682 373 2736 eaedem
395 2679 494 2754 magis,
509 2697 594 2754 quam
614 2681 654 2736 ad
674 2697 797 2752 pugnam
822 2681 959 2738 decurrit.

89 2788 225 2840 sternunt
251 2779 386 2845 inermes,
406 2785 455 2836 aut
482 2795 561 2834 arma
587 2778 748 2851 capientes,
769 2785 798 2836 el
822 2781 960 2853 quosdam

89 2898 196 2938 somno
219 2880 351 2947 excitosr
371 2895 440 2935 eum
463 2876 597 2945 tenebris,
620 2894 736 2950 pavore,
758 2879 854 2936 sonitu
882 2883 960 2938 luba-

90 2997 164 3044 rum,
185 2981 314 3034 elamore
337 2977 435 3036 hostili
463 2979 654 3034 turbarentur.
688 2976 802 3034 'Pausi
821 2979 960 3050 gladiato·

92 3076 363 3143 rum.resistentes,
395 3093 488 3150 oeque
521 3075 607 3132 inulti
640 3073 783 3132 cecidere.
805 3078 900 3134 eeteri
923 3077 959 3133 ad

92 3163 187 3236 naves
209 3179 340 3241 ruebant,
366 3175 415 3232 ubi
442 3181 548 3233 cuneta
576 3173 637 3248 pari
664 3173 817 3232 formidine
841 3175 961 3246 inplica-

93 3281 209 3344 bantur,
230 3273 381 3350 permixlis
413 3275 547 3348 paganis,
576 3291 648 3347 quos
680 3275 760 3330 nullo
793 3271 960 3330 discrimine

94 3495 103 3547 ¹
123 3431 236 3544 gigonis]
267 3429 351 3492 Pagani
362 3427 500 3486 dioabantur¹
516 3427 553 3492 qui
568 3440 612 3473 uon
626 3425 724 3473 Milites.
755 3421 814 3469 Vide
823 3436 889 3481 snpra
898 3421 958 3472 lust

106 3528 113 3556 l
