2158 3820
14 227 15 232 ,
89 177 137 245 54
272 138 274 142 ⁵
403 195 587 254 aunanrvu
814 195 962 244 auare.

88 351 176 422 ponte
204 347 426 417 transmittebat,
456 349 536 406 uuita
563 348 658 422 patum
685 361 797 416 causae,
824 347 964 411 turbatus

87 463 184 521 equus,
198 446 247 521 qui
262 446 434 511 consularia
455 445 582 520 insignia
604 446 746 520 gestabat,
759 447 959 504 retroeraait.

87 545 256 620 Hostiaque,
270 563 342 619 quae
362 545 573 610 muniebamur,
587 543 782 602 hibernaculis
801 544 959 613 adsistens,

87 643 237 702 semifacta
249 661 337 716 opera
351 643 421 716 unge
440 643 576 716 pernrpit,
590 659 679 717 reque
693 644 774 700 valio
786 642 900 700 extulit.
924 649 960 702 et

87 741 147 814 pita
178 742 302 802 rnilitum
330 759 434 809 arsere,
463 742 554 816 magia
586 740 694 815 insigni
713 741 852 816 prodigio,
883 742 957 816 quin

58 840 75 894 8
88 841 211 898 Parthus
225 842 315 899 bostis
327 841 482 900 missiiibus
493 840 559 898 tetis
570 840 710 898 decertat.
732 839 868 898 Ceterum
880 840 957 900 Pne-

88 939 266 1013 tonsuratis
289 939 444 1007 ommibus,
457 956 513 997 nee
539 940 607 996 dum
629 938 700 996 satis
726 939 846 1002 {irruatis
859 939 956 1001 biber·

90 1039 213 1106 nasutis,
228 1041 309 1096 nutto
322 1039 364 1096 rei
378 1038 581 1098 frumentariae
607 1038 734 1110 provisu,
754 1037 829 1110 rapit
842 1038 956 1096 exerei-

89 1141 149 1194 tum
164 1141 242 1194 trans
252 1142 380 1196 montem
390 1137 530 1203 Taurum,
544 1133 776 1208 ‘reciperandia’
790 1141 821 1193 ut
833 1137 956 1206 terebat,

87 1241 95 1266 ⁴
106 1235 335 1308 Tigranocertis,
346 1234 551 1309 vastandisque
561 1235 736 1309 regionibus,
745 1251 814 1309 quas
825 1235 957 1294 Corbulo

88 1333 232 1406 ‘integras
245 1331 407 1392 omisisset!
440 1319 478 1390 Et
489 1339 576 1407 capte
588 1334 728 1408 quaedam
742 1335 876 1392 emtettn:
891 1335 956 1407 gio·

87 1433 202 1507 uiaeque
212 1438 240 1490 et
250 1433 373 1504 praedae
385 1431 517 1490 nnnnibii
529 1438 650 1505 partum,
661 1432 687 1488 si
696 1437 744 1489 aut
754 1432 955 1506 gioriamuum

87 1535 180 1602 modo,
196 1539 244 1590 aut
259 1533 392 1606 praedam
406 1549 472 1590 uum
485 1548 564 1600 eura,
578 1530 733 1588 habuisset.
768 1531 959 1606 bongtnqnia

86 1632 237 1690 itineribus
250 1632 452 1705 percursando,
461 1647 535 1705 quae
548 1629 673 1688 obtineri
687 1630 864 1704 nequibunta
881 1646 955 1692 uou-

85 1735 178 1802 rupto,
201 1731 249 1804 qui
273 1736 375 1802 eaptus
389 1735 460 1794 mat,
485 1734 660 1796 commeatu,
681 1735 713 1789 ei
739 1729 866 1788 instante
889 1728 953 1790 iam

55 1893 59 1905 Ι
85 1829 189 1896 bieme,
203 1827 319 1884 reduxit
332 1827 502 1896 exereitum,
510 1829 727 1902 composuitque
741 1830 777 1887 ad
792 1828 953 1894 Gaesarem

85 1926 205 1992 litteras,
218 1925 297 2000 quasi
312 1925 449 1986 consecto
462 1927 548 1995 betto,
560 1927 656 1988 verbis
670 1926 841 1999 magnificis,
855 1944 956 1992 rerum

56 2020 202 2084 9rnnuaa.
244 2024 365 2082 interim
389 2026 516 2088 Corbulo
537 2043 684 2101 nusquam
707 2025 870 2100 neglectam
891 2027 953 2089 Eu·

86 2123 194 2197 pbrntis
216 2123 304 2197 ripam
326 2123 516 2185 crebrioribus
535 2125 688 2196 praesidiis
701 2125 829 2184 insedit:
850 2132 889 2194 et,
911 2145 952 2188 ne
1034 2109 1040 2120 ¹

85 2222 167 2296 ponti
179 2221 340 2280 iniieiendo
359 2222 589 2296 inpedimentum
605 2224 724 2284 bostiies
739 2229 849 2284 turmae
858 2224 954 2284 adier-

86 2326 158 2390 rent‚
176 2317 248 2398 (iam
261 2320 340 2380 enirn
366 2320 504 2379 subientis
518 2321 629 2394 eampis
644 2339 749 2396 magna
762 2322 861 2395 sqaeuie
876 2323 952 2382 voli·

85 2417 198 2497 tabant)
211 2437 303 2478 naves
325 2419 524 2494 magnitudine
546 2425 725 2493 praestanter
745 2427 776 2480 et
794 2437 956 2482 eoansxas·

86 2518 221 2584 trabibus,
245 2535 280 2574 aa
304 2520 427 2576 turribus
450 2524 559 2586 anetae,
574 2518 634 2594 agit
654 2536 705 2591 per
725 2536 851 2585 amnem,
870 2526 951 2581 cata·

85 2616 227 2691 nubisque
241 2621 271 2672 et
285 2617 396 2676 balistis
411 2620 557 2688 proturbat
576 2618 728 2674 barbaros:
748 2617 779 2676 in
792 2636 864 2692 quos
877 2635 953 2681 aaut

85 2723 114 2773 et
129 2718 228 2772 bastae
241 2714 355 2788 longius
369 2717 565 2786 permeabant,
584 2733 669 2791 quam
693 2721 724 2774 ut
747 2717 893 2774 contrario
905 2735 952 2778 sa·

84 2815 219 2890 gittarum
239 2813 318 2870 iaetu
342 2816 578 2888 adaequarentur.
620 2814 699 2872 Dein
714 2831 785 2888 pons
798 2815 953 2877 contiuua·

84 2921 138 2980 tus,
165 2915 311 2984 collesque
340 2913 456 2970 adversi
484 2912 642 2986 perseniae
666 2914 809 2981 cobortes,
824 2919 888 2986 post
909 2915 952 2974 le-
1066 2965 1067 2971 ,

83 3014 200 3088 giuuum
215 3011 316 3070 castris
330 3018 516 3086 occupantur,
536 3017 618 3070 tauta
634 3012 784 3070 eeleritate
809 3017 839 3068 et
852 3018 951 3074 osten·

82 3165 296 3294 ..abnatat
312 3167 392 3284 ,aaa
409 3167 522 3270 aaa.
535 3166 951 3296 aaafaaa¹aaaaaaua

82 3299 157 3338 armas,
168 3283 220 3328 vnde
229 3283 324 3328 Grbbou.
336 3283 365 3328 de
381 3283 470 3328 decessu
488 3284 576 3342 lmpeur
594 3283 660 3330 Rom.
673 3299 720 3344 cap.
733 3285 750 3332 1.
783 3285 870 3331 Moneo
884 3299 952 3342 Juve-

81 3339 952 3460 tatiiaiffiiiiadaiabbatizabat.{titubantia

81 3457 259 3514 totadiliqenter
275 3455 382 3515 perlegat.
413 3453 463 3502 Hoc
483 3454 570 3515 labore,
586 3456 609 3502 ni
628 3457 706 3517 satior,
720 3473 791 3520 neque
805 3459 915 3508 delectari
927 3467 952 3509 et

81 3515 198 3578 proiecisse
207 3513 320 3563 fatebitur.
