2090 3838
18 240 21 244 ,
92 175 218 223 acco.
321 169 392 219 ura.
419 170 456 218 11.
508 171 586 218 can.
613 149 780 220 tta-95.
887 157 960 222 255
1032 221 1033 238 p

94 327 235 384 inessent.
279 323 391 382 Plusin
406 341 443 382 eo
466 326 582 382 delectu
596 323 710 384 Valens
734 327 866 394 audebat,
891 333 961 386 tam·

93 443 177 501 quam
191 425 289 496 ipsum
310 424 472 482 Caecinam
494 424 622 497 periculo
642 425 808 483 exemisset.
829 443 899 484 sane
914 427 962 484 ad-

93 531 183 580 uentu
205 524 270 580 eius
294 529 389 596 partes
414 525 634 590 convaluerant,
664 529 694 581 et
717 525 864 582 sinistrum
890 525 963 582 lecti

91 621 205 680 illaesis
229 639 372 678 mansorem
397 637 531 694 prospero
559 623 669 694 proelio
693 629 837 680 verterat:
857 623 963 680 omnis·

83 711 147 796 'qne
163 719 307 777 inferioris
333 719 510 776 Germanice
525 719 608 777 miles
622 721 781 778 Valentem
796 722 964 778 adsectaba-

93 825 144 877 tnr.
170 820 250 876 ande
272 817 395 890 primum
416 818 543 874 creditur
557 819 707 876 [lasciuae
730 819 801 877 tides
826 820 963 878 lluilassc.

94 917 233 976 Celerum
249 933 308 972 non
322 917 364 973 ita
389 915 520 974 Ducibus
543 917 664 974 indulsit
685 919 835 985 Vitellius,
859 925 890 976 ul
905 935 963 977 nou
976 925 1016 984 94

94 1019 157 1090 plu
181 1015 270 1072 militi
293 1015 405 1072 liceret.
425 1014 481 1071 sibi
506 1016 624 1090 quisque
649 1017 782 1076 militiam
807 1035 965 1091 sumpsere,

95 1113 229 1188 quamvis
262 1113 408 1187 indignus,
441 1115 466 1170 si
487 1115 529 1171 ita
550 1117 697 1180 maluerat,
731 1119 857 1175 urbanae
891 1117 965 1175 mili·

96 1213 154 1270 tiae
168 1211 406 1268 adscribebatur:
428 1227 520 1270 rursus
545 1213 639 1276 bouis,
655 1231 811 1272 ,remanere
835 1217 913 1273 inter
926 1219 966 1274 lc·

96 1309 243 1396 glocerios
267 1315 317 1366 aut
342 1311 437 1367 alares
452 1311 625 1377 volentibus,
639 1313 816 1384 permissum.
838 1331 893 1371 nec
917 1316 965 1372 de·

96 1414 190 1476 erant,
203 1409 253 1482 qul
269 1411 390 1474 vellent,
410 1407 479 1490 sessi
493 1410 610 1473 morbis,
635 1417 664 1467 el
678 1412 879 1485 intemperiem
901 1429 966 1468 cae·

96 1508 119 1566 li
133 1509 311 1564 incusantes.
353 1507 468 1564 Robora
481 1513 580 1565 lemen
597 1508 757 1582 legionibus
772 1509 881 1583 alisque
903 1511 967 1566 sub·

97 1615 209 1666 nucu:
235 1609 408 1664 convulsum
422 1612 582 1664 castrorum
596 1609 695 1674 decus,
710 1607 816 1682 viginti
832 1607 968 1678 mllllbus‚
1032 1659 1033 1670 ,

98 1723 115 1762 c
148 1711 212 1762 loto
247 1703 389 1769 exercitu,
425 1707 576 1779 permixtis
610 1706 701 1779 magis
735 1723 821 1780 quam
854 1707 967 1764 electis.

97 1806 305 1864 Uoccionanle
320 1803 451 1872 Vitellio,
464 1807 645 1877 postulantur
657 1803 698 1860 cd
707 1803 872 1882 supplicitate
883 1807 967 1863 Ario·

98 1883 402 1962 sessiacense
428 1901 560 1980 asama
589 1901 684 1960 oues
702 1902 871 1971 auream,
896 1903 970 1982 quoa

96 2019 149 2079 pro
166 1997 285 2057 Vindice
309 1997 467 2058 bellassent.
509 2001 575 2058 Nec
596 2005 749 2059 coercebat
762 2005 903 2062 eiusmodi
915 2021 968 2085 ro·

100 2119 149 2159 ces
164 2099 328 2167 Vitellius3
349 2117 434 2171 super
447 2098 564 2156 insitam
578 2100 664 2157 inerti
687 2102 785 2158 animo
808 2103 968 2174 ignaviam,

101 2201 246 2263 conscius,
260 2197 316 2254 sibi
336 2199 443 2254 instare
457 2199 626 2255 donativum
646 2205 675 2256 ct
689 2201 790 2256 deesse
806 2199 969 2270 pecuniam,

100 2297 199 2356 omnia
215 2295 286 2352 *aliu
314 2295 400 2355 militi
426 2297 608 2369 largiebatur.
657 2297 770 2355 Liberti
792 2295 970 2368 Principum,

101 2397 225 2475 consere
243 2411 300 2470 pro
318 2411 432 2451 scauro
453 2393 662 2471 mancipiorum,
690 2399 721 2451 ut
749 2395 893 2458 tribulum,
915 2393 971 2450 lca·

102 2496 142 2552 si·
192 2496 270 2566 lpse,
293 2496 355 2550 sola
382 2493 520 2566 perdendi
548 2511 625 2564 cura,
649 2495 762 2550 stabula
788 2492 894 2565 aurigis
921 2509 971 2548 cx·

101 2599 230 2652 struere:
250 2591 362 2648 circum
384 2592 574 2666 gladiatorum
596 2593 773 2666 terarumque
796 2591 971 2664 spectaculis

101 2696 241 2767 opplere:
261 2695 405 2764 umquem
427 2691 459 2746 iri
483 2707 593 2748 summa
617 2691 803 2755 abundantia,
830 2690 971 2763 pecuniae

103 2772 246 2850 assuere.
288 2789 365 2860 onan
390 2793 420 2845 et
447 2792 574 2846 natatem
602 2789 719 2846 varena
740 2789 818 2846 arem
840 2789 971 2848 caesana
984 2813 1026 2871 95

102 2907 138 2950 ac
167 2889 289 2956 Valens,
310 2885 396 2944 edilia
423 2893 485 2944 tola
512 2890 580 2943 urbe
609 2887 729 2972 'vicatim
756 2888 971 2962 gladiatoribus,

103 2991 310 3046 celebravere:
333 2985 445 3058 ingenti
459 2977 570 3058 'paratu
591 2991 620 3043 el
635 2991 702 3042 cute
724 2986 805 3043 illum
828 2989 906 3046 diem
930 2987 974 3044 in·

106 3068 202 3144 solito.
244 3086 368 3142 Laetum
393 3084 557 3140 loedlssinro
577 3084 690 3158 cuique,
717 3087 792 3156 apud
817 3087 907 3142 bonos
931 3085 974 3140 in·

107 3183 293 3249 vidiacluit,
312 3184 387 3257 quod
410 3185 565 3240 exstructis
589 3184 619 3239 ln
643 3199 747 3256 campo
775 3183 883 3240 Martio
907 3182 973 3246 nris,

106 3281 226 3340 inferias
243 3281 356 3338 Neroni
365 3281 491 3339 lecisset.
512 3297 615 3337 caesae
626 3281 746 3352 publice
762 3279 900 3335 victimae
913 3277 974 3332 crs·

108 3385 279 3455 memeque:
310 3379 404 3439 lacem
430 3381 606 3454 Augustales
633 3377 803 3433 subdidere:
836 3371 912 3440 quod
933 3385 975 3422 sa-
