2090 3838
77 206 144 276 184
377 223 636 278 nrsrorrrlnvu
802 229 833 276 n
848 225 881 276 v.
895 227 952 278 aaa

72 386 80 414 ⁸
92 379 321 452 uocatur-,binc
329 379 452 448 confusi,
464 379 763 455 peditesequitrsque‚
775 379 806 438 in
822 380 951 440 exitium
1039 453 1040 456 Ἴ

70 483 79 510 ‘
90 495 214 536 ruamus.
255 479 389 536 Parendo
400 479 505 550 potius,
515 477 746 543 commilitones,
758 495 845 552 quam
856 479 950 552 impe·

70 574 133 632 ‘ris
145 575 260 634 Ducum
272 575 460 642 sciscitando,
475 592 519 632 res
531 575 672 632 militares
693 575 893 633 continentur.
913 581 945 634 ei

71 673 264 732 ‘tortissimns
277 673 307 731 io
323 675 387 746 ipso
400 673 570 731 discrimine
584 673 732 746 exercitus
743 679 798 742 est,
809 675 860 748 qui
873 679 942 734 ante

72 771 247 830 ‘discrimen
281 771 485 845 quietissimus.
540 772 637 830 Vobis
664 789 744 830 arma
772 778 804 830 et
830 773 946 830 anirum

73 867 148 927 ‘site
169 870 240 928 mibi
254 870 409 928 consilium
433 877 464 926 et
479 871 595 928 virtutis
610 878 726 928 vestrae
748 871 881 944 regimen
906 887 948 928 re-

73 968 224 1043 ‘liuquite
265 967 426 1026 Paucorum
440 971 527 1040 culpa
551 968 616 1034 luit,
627 959 753 1026 'nuomm
769 985 866 1041 poene
881 967 947 1028 erit.

75 1066 184 1126 ‘catari
210 1067 325 1123 aboleta
353 1067 522 1123 memorium
548 1067 735 1124 foedissimae
760 1066 867 1124 noctis.
889 1083 947 1124 neo
1041 1053 1042 1064 i

73 1163 157 1222 ‘illas
171 1165 310 1221 aduersus
334 1164 475 1221 Senatum
489 1181 580 1222 voces
594 1165 670 1222 ullus
685 1181 811 1238 unquam
834 1163 949 1225 exerei-

73 1266 138 1318 ‘tus
152 1261 258 1318 sortist.
300 1261 396 1333 Caput
410 1261 540 1333 Imperii,
563 1267 594 1318 et
607 1261 715 1318 (iecora
728 1253 870 1318 omnium
885 1277 950 1333 pro·

73 1365 82 1394 ‘
96 1357 268 1424 vinciacum,
282 1359 319 1416 su
332 1373 458 1432 poenam
472 1375 589 1426 vocure,
603 1349 663 1416 non
677 1360 778 1418 hercle
798 1359 855 1426 illi,
876 1375 948 1434 quos

75 1464 162 1516 ‘cum
187 1458 315 1517 msxlme
336 1457 477 1514 Vitellius
504 1455 535 1514 in
556 1473 610 1516 uos
633 1457 704 1524 ciet,
726 1456 872 1516 Germani
898 1473 949 1516 arr·

76 1558 193 1616 ‘deant
247 1556 313 1616 Vill
339 1574 378 1618 nc
399 1555 503 1614 italice
518 1555 638 1624 alumni,
659 1562 690 1613 at
705 1557 852 1614 *Romana
877 1573 949 1614 uere
1043 1626 1044 1630 Ἰ

76 1658 241 1724 ‘inventun
255 1657 292 1714 etl
305 1655 475 1729 sanguinem
495 1659 526 1711 et
545 1655 667 1712 caedem
679 1655 877 1727 deposcerent
904 1672 950 1714 or-
1043 1647 1044 1680 ¹

76 1755 206 1819 ‘dinam
230 1753 315 1813 cuius
336 1753 489 1828 splendore
503 1757 534 1810 et
556 1752 648 1827 gloria
667 1753 766 1811 sordes
790 1759 822 1811 et
845 1754 951 1814 obscu-

76 1851 211 1911 ‘ritatem
224 1851 449 1910 Vitellianarum
471 1851 594 1926 partium
608 1849 869 1928 pnesrrtngtmust
889 1853 951 1910 Na·

76 1951 190 2008 ‘tiones
204 1951 314 2025 aliquas
327 1950 485 2024 occupavit
507 1949 659 2017 Vitellius,
679 1951 838 2025 imaginem
858 1965 950 2026 quun·

76 2050 163 2107 ‘tium
183 2049 330 2108 exercilus
354 2051 458 2106 habel:
483 2050 609 2106 Senatus
632 2050 784 2108 uobiscum
797 2054 852 2106 est
896 2047 950 2106 Sic

78 2147 138 2216 ‘at
165 2153 197 2205 ut
223 2147 292 2206 binc
324 2147 509 2220 Respublica,
533 2147 611 2206 inde'
627 2148 727 2206 borlas
755 2147 951 2220 Reipublicae

77 2247 290 2305 «constiterint.
346 2243 447 2319 Quint
477 2263 531 2304 vos
555 2246 778 2320 pulcherrimam
804 2247 883 2304 hanc
905 2245 950 2302 nr'·

77 2347 164 2403 rbem
183 2345 315 2404 elomibua
336 2351 366 2402 et
391 2344 476 2402 tactis
500 2350 531 2400 at
554 2349 694 2419 congestu
715 2343 845 2417 lapillum
870 2349 950 2400 stare

5 2497 7 2502 .
53 2440 241 2508 .‘cretiilir?
301 2442 384 2500 Mula
411 2442 471 2498 istu
491 2448 522 2496 et
549 2442 680 2498 inanima
707 2442 889 2504 intercidere,
913 2456 950 2498 ao

51 2509 57 2627 i
79 2541 227 2616 ‘reparari
250 2539 413 2613 promiscua
436 2542 519 2594 sunta
539 2529 699 2596 aeternitas
720 2555 815 2594 rerum
838 2542 869 2594 et
891 2553 951 2611 pax

6 2691 11 2698 .
30 2646 52 2695 .¹
78 2639 231 2714 ‘gentium
244 2643 275 2693 et
294 2653 360 2694 mea
373 2653 440 2693 cum
456 2641 552 2694 vestra
571 2637 648 2692 salua
672 2635 876 2694 incolumitate
899 2637 951 2694 Se·

44 2714 49 2785 ¹·
81 2731 182 2794 ‘natus
196 2736 331 2792 firmatur.
373 2734 461 2790 Hunc
484 2733 666 2807 auspicatos
689 2740 811 2807 parente
825 2739 856 2790 al
881 2749 951 2790 corr·

47 2836 51 2927 l
79 2834 192 2892 ‘ditora
212 2819 290 2890 urbis
315 2836 429 2890 nostrae
449 2831 621 2899 institutum,
647 2837 678 2889 et
705 2848 723 2888 a
750 2829 882 2905 Regibus
907 2847 951 2890 us·

49 2943 52 2989 t
79 2933 207 3007 ‘quoad
224 2931 381 3003 Principes
404 2929 575 2988 continuum
598 2934 628 2988 at
655 2929 848 3000 inmortalem,
876 2929 954 2988 siout

50 3004 123 3089 i‘a
158 3028 313 3087 maioribus
352 3027 528 3100 accepimus,
567 3027 610 3084 sio
645 3026 766 3102 posteris
799 3029 955 3086 trudamur.

48 3116 54 3138 ¹
80 3131 189 3192 ‘Nam
213 3136 244 3185 ut
268 3145 306 3184 ex
335 3126 418 3182 vohis
443 3127 608 3192 Senatores,
630 3126 673 3184 ila
693 3144 731 3183 ex
756 3125 952 3184 Senatoribns

27 3223 69 3279 85
82 3238 89 3264 ⁶
102 3229 252 3299 Principes
268 3223 440 3282 nascuntur!
480 3225 523 3281 Ea
544 3224 637 3283 oratio
651 3227 688 3282 ari
714 3224 951 3300 perstringendae

82 3325 309 3397 mulcendosque
330 3321 455 3378 militum
468 3322 590 3391 animoa,
609 3330 638 3381 et
652 3323 818 3382 severitatis
848 3325 952 3382 modu
