2090 3838
90 177 165 245 alo
390 191 644 242 nrsroarsavrr
808 193 842 239 a.
856 190 891 238 v.
908 191 970 238 aaa.

89 351 157 408 dum
187 349 285 406 animo
311 365 387 422 spes,
408 349 503 411 timor,
524 324 607 410 ratio,
633 363 718 404 casus
742 347 967 402 obversantur:

90 465 236 524 egressum
251 449 387 506 cubiculo
401 447 617 518 Vespasianum
631 446 715 520 plauci
738 445 856 508 milites,
870 443 966 500 sclito

91 549 265 606 adsistentes
285 547 396 614 ordine,
417 556 447 604 ul
464 549 606 620 Legatum
628 545 788 608 salutaturi,
806 541 966 616 Imperato-

89 664 149 704 rem
163 649 334 704 salutsvere.
376 647 455 704 'l'um
470 647 561 702 ceteri
582 626 743 702 arlcurrere.
758 641 915 698 Caesarem
930 645 965 696 et

91 746 259 820 Arrgarstum,
280 750 310 800 et
323 745 421 800 omnia
435 745 619 816 Principatus
636 743 778 798 vocabula
799 742 963 797 cumulare.

92 861 173 901 mens
188 863 204 901 a
219 852 296 900 metu
321 845 357 899 ad
372 845 514 900 fortunam
528 843 688 900 transierat.
730 841 766 896 ln
794 840 859 911 ipso
884 837 962 894 nihil

92 946 241 1008 tumidum,
261 945 411 1016 adrogans.
432 950 481 998 aut
509 944 539 998 in
555 945 638 997 rebus
657 939 741 996 novis
769 955 879 996 novum
895 937 962 994 tuit.

93 1049 124 1099 ut
145 1043 265 1114 primum
280 1047 377 1098 tantae
391 1041 600 1097 vicissitudinis
621 1040 750 1096 obtusam
765 1039 860 1094 oculis
888 1036 961 1093 cali·
1035 1047 1036 1070 ¹

93 1141 191 1214 ginem
219 1139 345 1208 disiecit,
366 1140 529 1196 militariter
557 1142 677 1202 loculus,
700 1140 775 1194 laeta
803 1135 902 1192 omnia
928 1138 959 1190 el

93 1239 387 1312 adfluentiaeaceplt.
409 1255 530 1310 namque
545 1239 575 1294 id
596 1239 688 1310 ipsum
717 1237 872 1309 opperiens
894 1233 959 1290 lila-
1035 1273 1036 1290 r

94 1336 205 1401 cianus,
227 1339 352 1393 alacrem
368 1337 490 1394 militem
502 1337 532 1394 in
548 1339 634 1392 verba
646 1335 822 1407 Vespasiani
850 1331 958 1406 adegit.
1035 1319 1036 1374 i

95 1435 173 1492 Tum
201 1436 444 1492 Antiochensium
472 1438 615 1492 theatrum
639 1436 792 1509 ingressus,
822 1432 872 1489 uhi
898 1431 959 1487 illis
1035 1451 1036 1504 ς

93 1537 257 1592 consultare
279 1541 407 1599 moneat,
429 1541 636 1592 concurrentes
660 1535 733 1590 etin
760 1533 957 1590 adulationem
1035 1587 1036 1614 ¹

93 1635 197 1691 effusos
209 1636 368 1708 adloquitur
383 1655 389 1689 r
410 1634 480 1690 salis
495 1636 615 1690 decorus
629 1633 717 1690 etiam
730 1633 844 1688 Graeca
860 1632 958 1686 lacun-
1035 1615 1036 1658 l

92 1733 150 1799 dia,
184 1735 377 1807 omniumque,
399 1749 472 1806 quae
508 1733 618 1789 diceret
645 1739 731 1806 atque
756 1737 864 1803 ageret,
895 1732 958 1786 arte

92 1832 214 1904 quadam
235 1838 402 1889 ostentator.
445 1831 525 1886 Nihil
551 1847 641 1905 aeque
667 1829 849 1902 provinciam
875 1836 958 1884 exer-

92 1927 238 2000 citumque
261 1929 406 1994 accendit,
427 1945 511 2002 quam
525 1931 599 2002 quod
627 1929 819 1985 adseverabat
843 1927 957 1984 Mucia·

92 2041 155 2090 nus,
175 2027 326 2082 ‘statuisse
342 2027 506 2092 Vitellium,
521 2033 552 2083 ut
577 2027 768 2083 Germanicas
782 2026 915 2100 legiones
926 2025 959 2084 in
1035 2073 1036 2100 p

93 2124 243 2197 ‘Syriam
258 2127 293 2181 ad
306 2125 439 2181 militiam
461 2129 627 2195 opulentam
642 2125 836 2200 quietamque,
867 2131 959 2180 trans·
1035 2127 1036 2206 l

13 2299 15 2304 Ι
92 2221 214 2292 ‘serret3
234 2230 336 2281 contra
365 2223 495 2296 Syriacis
511 2223 670 2297 legionibus
702 2223 881 2282 Germanica
916 2222 958 2280 bi·

90 2323 208 2389 ‘berna
228 2325 312 2379 coslo
331 2337 366 2378 ac
381 2321 524 2378 laboribus
545 2325 623 2388 dura,
639 2321 835 2380 mutarentur?
868 2322 958 2395 Quip-

91 2439 128 2494 pe
143 2427 173 2478 et
191 2419 386 2496 provinciales
408 2427 490 2476 sueto
511 2423 633 2479 militum
648 2423 839 2479 contubernio
852 2425 958 2495 gaude·

92 2519 174 2587 bant,
195 2521 322 2594 plerique
350 2521 611 2578 necessitudinibus
636 2528 666 2578 et
692 2521 956 2595 propinquitatibus

94 2618 197 2688 mixti;
218 2626 247 2676 et
267 2618 413 2690 militibus,
429 2621 802 2693 velustatestipendiorum
827 2627 898 2677 uota
922 2627 954 2677 el

91 2716 245 2772 familiaria
271 2720 410 2776 castrain
425 2721 540 2776 modum
565 2719 717 2790 Penatium
744 2719 951 2792 diligebantur.

39 2813 75 2870 81
92 2815 173 2871 Ante
188 2816 255 2871 Idus
272 2817 338 2874 lulii
380 2818 466 2891 Syria
479 2819 573 2876 omnis
595 2819 626 2875 in
647 2819 751 2874 eodem
772 2826 957 2876 sacramento

89 2913 151 2969 luit.
193 2915 356 2973 Accessere
369 2934 435 2974 cum
447 2933 537 2991 regno
557 2918 707 2982 Sohemns.
728 2917 804 2973 haud
818 2935 956 2990 spernen-

89 3013 134 3070 dis
145 3013 271 3083 viribus;
293 3017 467 3084 Antiochus,
480 3017 612 3073 ¹vetustis
626 3017 728 3089 opibus
743 3017 849 3090 ingens
871 3023 902 3074 et
916 3017 956 3074 in·

90 3113 279 3172 servientium
307 3115 419 3188 Regum
455 3116 620 3174 ditissimus.
651 3133 717 3172 mox
744 3133 795 3188 per
821 3120 954 3174 occultos

90 3227 204 3268 suorum
223 3213 338 3268 nuntios
372 3213 486 3270 excitus
514 3217 550 3271 sb
578 3216 647 3270 urbe
682 3215 824 3289 Agrippa,
854 3217 954 3291 ignaro

91 3309 186 3366 adhuc
221 3309 356 3377 Vitellio,
390 3311 480 3368 celeri
513 3313 703 3388 navigatione
739 3321 954 3390 properaverat.
