2158 3820
69 209 122 275 42
395 225 581 274 suusmvru
797 225 828 270 s.
845 221 877 271 v.
895 203 956 271 ars,

72 379 321 448 larudconlessus,
335 395 438 437 verum
448 380 622 453 “utriusque
635 375 780 436 turbidum
794 375 960 452 ingenium

2 511 3 552 3
72 477 166 547 ‘esse,
180 487 211 536 et
223 479 278 535 sibi
302 479 534 536 incolumitatem
554 477 639 550 Reip'.
655 495 761 550 magne
775 494 845 538 cura
859 477 959 533 halre-

72 583 81 611 ⁴
93 577 136 636 ri’
177 579 326 638 Decretae
348 596 384 635 eo
392 579 516 636 nomine
530 574 755 653 supplicationes,
768 582 851 651 utque
864 573 959 636 Sulla

71 681 98 734 et
112 675 236 734 Plautus
248 676 351 734 Senatu
364 682 545 744 mouerentur,
565 676 747 751 gravioribus
761 681 861 732 umen
875 675 959 732 tudi-

72 776 153 843 briis,
167 793 253 851 quam
268 776 363 833 malis.
773 766 788 776 ”
953 795 958 806 ·

19 873 62 932 60
112 876 206 950 Igitur
225 883 349 949 accepto
369 875 489 934 Petrum
502 877 646 940 consulto,
660 878 813 948 postquam
837 873 960 930 cuncta*

71 974 214 1034 sceletum
228 991 343 1032 suorum
363 991 414 1048 pro
433 973 560 1048 egregiis
573 973 671 1046 accipi
695 973 787 1040 videt,
808 974 962 1030 exturbat·
1075 951 1076 1010 3

73 1073 241 1139 Octaviam,
264 1071 388 1130 sterilem
401 1073 559 1132 dictitans
592 1071 672 1135 Exin
698 1071 854 1146 Poppaeae
876 1082 970 1128 con·'

66 1171 208 1246 jungitur.
249 1173 295 1230 Ee
316 1172 366 1230 diu
391 1173 499 1245 pellex,
514 1176 545 1228 et
565 1172 691 1229 adulteri
715 1173 854 1239 Neronis,
876 1189 953 1230 mox

73 1272 171 1330 mariti
186 1276 298 1344 potens,
310 1273 455 1346 quenulam
469 1289 507 1328 ex
517 1271 657 1328 ministris
672 1271 818 1330 octaviae
829 1271 954 1345 inpulit,
1075 1325 1076 1354 ἔ

73 1368 235 1428 semilemer'
243 1387 364 1427 umorem
377 1371 516 1428 obiicere.
530 1371 749 1444 destinaturque
761 1389 825 1427 reus
839 1389 961 1446 coguo-¹
1075 1357 1076 1436 ᾗ

74 1477 175 1528 mento
188 1468 322 1540 Euceras,
347 1470 466 1527 natione
483 1470 711 1533 Alexandrinus,
732 1484 841 1527 canere
866 1470 955 1528 tibiis

75 1571 188 1628 doctus.
231 1571 328 1650 Actae
342 1570 380 1627 ob
400 1569 430 1626 id
454 1570 493 1626 de
516 1568 633 1626 ancillis
657 1569 852 1644 quaestiones,
867 1575 898 1626 et
912 1570 958 1628 ui

75 1673 285 1731 tormentorum
310 1668 400 1726 victis
426 1667 607 1742 quibusdam,
627 1674 659 1725 ut
679 1669 751 1744 laisa
775 1670 972 1737 educerent,-

76 1773 174 1845 plures
202 1769 574 1844 perstiteresanctitstem
603 1769 858 1827 dominneotneri.
901 1771 953 1827 Ex

76 1869 179 1942 quibus
192 1885 251 1925 uua
264 1863 387 1924 instanti
408 1868 570 1940 Tigellino,
590 1866 713 1926 coctiora
725 1884 785 1926 esse
797 1857 955 1928 mrrliebrr'u

76 1966 209 2026 Octauiae
235 1967 392 2040 respondit,
415 1975 504 2043 ptura
520 1985 552 2023 os
575 1965 641 2024 eius.
685 1965 824 2024 lllovetur
847 1975 953 2027 tamen

76 2067 181 2143 primo,
202 2065 301 2123 civilis
325 2066 443 2124 discidii
470 2067 587 2138 specie:
608 2068 781 2142 domumque
806 2067 902 2134 Burri,
918 2073 953 2126 et

77 2166 196 2241 praedia
208 2165 315 2230 Plauti,
325 2164 545 2230 inlaustadona‚
560 2165 678 2238 accipit.
695 2184 762 2224 mox
776 2165 808 2224 in
824 2167 956 2239 Campa·

78 2264 159 2324 niam
193 2265 275 2337 pulsa
308 2268 362 2330 est,
390 2264 491 2326 addita
524 2263 643 2342 milit-ari
676 2265 817 2323 custodia.
863 2266 958 2345 'lude

77 2363 171 2422 crebri
183 2369 308 2438 questus,
321 2379 376 2420 nec
388 2363 497 2420 occulti
508 2381 559 2435 per
570 2365 705 2438 vulgum3
726 2363 775 2421 cui
791 2365 891 2423 'minor
905 2383 960 2424 sa··

79 2463 202 2538 pientia,
216 2469 255 2530 et,
267 2481 305 2520 ex
317 2461 520 2520 mediocritate
535 2463 825 2537 lor'lunae,pauciora
839 2464 957 2536 pericu·

80 2565 110 2620 la
123 2568 199 2618 sunt.
240 2561 295 2619 His
311 2562 400 2627 Nero,
414 2562 633 2636 lraudquaquam
644 2561 957 2638 poenitentiaflagitii,

28 2666 66 2724 61
81 2662 235 2734 coniugem
248 2658 400 2717 revocavit
415 2659 580 2716 Octaviam.
622 2661 702 2718 Exin
716 2661 788 2718 laeti
809 2662 956 2735 Capitoli·

81 2777 129 2820 um
144 2759 296 2821 scandunt,
312 2757 449 2829 Deosque
471 2760 588 2816 taudem
604 2759 789 2820 venerantur.
830 2761 956 2837 Effigies

82 2861 238 2932 Poppaeae
263 2861 416 2928 proruunt:
448 2855 594 2914 Octaviae
608 2859 750 2932 imagines
770 2865 887 2933 gestant
900 2862 957 2921 hu-

82 2957 178 3022 meris,
191 2959 330 3027 spargunt
345 2953 595 3030 tortuosumque
609 2974 645 3014 ac
659 2958 776 3031 templis
800 2963 954 3027 statuunt:

82 3054 236 3128 repetitam
262 3057 445 3110 venerantur.
487 3055 550 3112 ltur
571 3059 600 3112 ot
623 3055 654 3113 in
670 3057 816 3130 Principis
840 3059 956 3118 laudes.

83 3157 201 3227 lamque
216 3158 247 3208 et
269 3151 408 3224 palatium
432 3153 618 3210 multitudine
632 3159 662 3212 et
685 3156 860 3213 clamoribus
874 3173 959 3217 com-

82 3255 211 3327 plebant,
224 3267 290 3310 curu
305 3249 403 3306 emissi
418 3249 542 3306 militum
550 3252 629 3321 globi
640 3253 806 3310 verberibus
816 3259 846 3310 et
856 3253 956 3316 inten-

85 3356 115 3408 to
126 3351 200 3406 lerro
209 3350 320 3404 turbam
333 3346 485 3402 disiecere.
516 3347 708 3423 lllutataque,
723 3367 797 3438 quae
811 3371 863 3425 per
876 3357 956 3414 sedi-

83 3449 193 3532 tionem
207 3448 364 3512 verterant,
387 3447 418 3500 et
438 3442 593 3518 Poppaeae
613 3447 711 3506 trouos
739 3450 883 3525 repositus
904 3461 954 3516 est
976 3473 978 3480 ·
