2100 3834
95 141 173 212 -308
399 159 652 214 ἰιιετοιιιιιιιιι
821 168 962 218 avam.

98 321 244 378 tinacibus
269 319 367 397 armis,
396 323 490 378 minus
520 323 693 394 placabilem
714 321 857 380 rictorem
877 324 961 381 relin-

99 429 197 498 queret
212 422 329 495 coniugi
351 439 386 478 ac
411 421 516 477 liberis.
558 421 627 478 Erat
651 420 695 476 illi
717 427 747 476 et
768 421 843 477 fessa
865 429 960 478 aetate

99 539 219 596 parene3
239 538 312 594 quae
334 529 443 582 tamen,
467 520 567 592 paucis
581 528 649 576 ante
669 519 782 584 diebus,
802 527 961 592 opportuna

100 627 191 676 morte
214 619 362 676 excidium
385 619 485 674 domus
513 618 673 690 praevenit,
697 618 769 674 nibil
792 619 961 691 Principatu

99 718 152 776 uui
165 720 311 783 aalaecutn
323 717 378 774 nisi
390 720 497 775 luctum
512 725 540 774 et
551 720 655 774 bonam
666 717 779 773 lamam.
802 717 962 788 Quintode·

99 817 177 874 cimo
202 819 267 874 Kal.
284 819 397 874 ianuar.
417 819 514 874 audita
534 817 698 872 delectione
714 817 837 889 legionis
864 818 963 874 cobor-

99 915 236 989 dumque,
266 933 339 991 quae
360 933 391 972 ar
422 916 548 972 Narniae
575 917 756 978 dediderant,
781 918 861 985 pullo
874 916 960 972 amic·

99 1019 129 1072 lu
165 1015 273 1085 palatio
296 1016 469 1088 degreditur,
490 1023 599 1070 moeste
623 1014 732 1070 circum
757 1013 876 1070 tamilla.
919 1015 962 1070 Si·

99 1115 158 1168 mul
179 1113 322 1168 senebaldi
340 1113 476 1169 lecticula
498 1115 632 1185 parvulus
657 1112 740 1176 tilius,
763 1115 843 1168 velut
869 1113 899 1168 in
923 1113 962 1170 lu·

99 1211 217 1266 nebrem
243 1229 386 1282 pompam.
426 1213 526 1267 Voces
552 1211 649 1282 populi
673 1213 796 1268 blandae
810 1219 839 1266 et
860 1212 961 1268 intem·

47 1309 252 1382 titipeetivae:
281 1311 365 1366 mites
394 1311 501 1366 minaci
530 1311 656 1366 silentio.
719 1311 784 1366 Nec
814 1311 961 1384 quisquam

100 1410 175 1466 adeo
196 1425 288 1464 rerum
312 1410 499 1465 humanarum
522 1409 673 1472 inmemor,
698 1427 781 1482 quem
808 1427 867 1465 noo
886 1426 963 1466 com·

22 1561 27 1566 .
100 1515 231 1566 moveret
259 1508 308 1564 illa
329 1507 435 1564 iacies:
466 1509 627 1564 Romanum
656 1509 833 1579 Principem
853 1514 883 1564 et
915 1525 962 1580 ge·

52 1608 97 1655 l
93 1609 177 1673 neris
192 1607 309 1664 humani
334 1609 429 1679 paullo
442 1613 510 1663 ante
533 1607 689 1668 dominum
710 1606 813 1663 relicta
832 1609 962 1664 fortunae

115 1724 169 1762 uae
194 1710 273 1773 aede,
303 1725 354 1778 per
374 1709 517 1778 populum,
549 1723 599 1778 per
618 1709 726 1770 urbem,
747 1706 828 1762 exire
848 1708 886 1762 de
907 1708 962 1763 lm·

61 1692 188 1972 μυ.
231 1806 313 1864 Nihil
342 1809 400 1862 tale
421 1806 563 1870 videraut,
584 1805 656 1860 nihil
681 1805 841 1860 audierant.
865 1822 963 1877 repen·

75 1896 83 1932 ¹
100 1903 161 1960 tina
175 1903 220 1959 vie
236 1904 418 1961 Dictatorem
433 1906 589 1960 caesarem
609 1901 807 1976 oppresserat3
829 1905 962 1960 occultae

100 2002 204 2060 Caium
225 2002 368 2058 insidiae:
389 2021 447 2059 nox
472 2009 501 2058 et
525 2003 654 2074 ignotum
678 2019 725 2058 rus
750 2002 847 2074 lugam
872 2003 963 2058 Nero·

100 2101 145 2158 nis
168 2103 396 2157 absconderant:
419 2101 487 2157 Piso
508 2108 539 2158 et
559 2102 655 2158 Galba
676 2107 821 2174 tamquam
842 2101 874 2156 in
897 2099 963 2156 acie

100 2199 252 2257 cecidere:
272 2199 302 2255 in
318 2216 368 2255 sua
392 2200 535 2256 concione
559 2199 708 2265 Vitellius,
728 2201 806 2255 inter
832 2215 898 2255 suos
912 2197 967 2254 ari:

100 2299 176 2365 lites,
198 2298 446 2370 prospectantibus
466 2300 555 2355 etiam
575 2299 698 2364 leminis,
719 2315 812 2370 pauca
831 2305 863 2355 et
884 2317 962 2371 prae·

99 2397 174 2453 aenti
190 2397 350 2455 moestitiae
359 2400 549 2470 congruentia
559 2401 688 2456 locutus:
703 2395 827 2456 ‘cedere
836 2415 868 2454 se
883 2399 964 2471 pacis

99 2500 152 2549 ‘et
167 2496 357 2568 Reipublicae
384 2515 505 2554 caussa:
540 2498 697 2554 retinerent
718 2503 829 2554 tantum
857 2513 963 2554 memo·

98 2593 191 2649 ‘riam
205 2594 249 2650 sui
268 2595 439 2670 fratremque
459 2601 489 2653 et
515 2597 668 2670 coniugem
696 2601 726 2651 et
753 2595 905 2652 innoxiam
932 2594 963 2652 li·

99 2691 249 2748 ‘berorum
272 2700 396 2751 aetutem
418 2693 645 2752 miserarentur?
664 2695 747 2754 simul
777 2696 867 2754 tilium
896 2693 960 2769 p'ro·

99 2788 230 2878 tendens,
245 2793 331 2847 modo
344 2793 473 2866 singulis,
488 2795 573 2850 modo
586 2794 729 2851 universis
744 2797 964 2861 commendans,

100 2891 243 2956 postremo
254 2888 322 2944 tletu
337 2893 551 2964 praepediente,
572 2893 722 2949 adsistenti
738 2892 861 2951 consuli
874 2889 964 2968 (Cae-

129 3060 213 3108 Pcullo
222 3063 322 3126 amicitas]
355 3069 412 3115 Atro
426 3073 449 3114 et
464 3069 551 3128 lugubri
566 3069 654 3148 amictu
687 3068 849 3120 Sic-luvenalis
859 3071 907 3118 Sat.
922 3068 964 3128 til,

97 3122 149 3165 2¹3
391 3183 496 3229 Horrida
506 3189 584 3242 mater,

303 3239 394 3285 Pulloti
404 3241 518 3287 Proteus.

97 3293 206 3348 Pulblr';
221 3293 243 3339 id
253 3299 296 3350 est,
306 3311 356 3342 cum
366 3298 441 3353 napis
450 3299 656 3359 earumlegalem

101 3387 104 3394 ⁴
122 3370 229 3429 Caeruli]
260 3371 351 3418 Coosuli
360 3373 469 3423 suffectu
