2100 3834
16 157 17 196 1
95 135 168 204 266
396 157 648 204 ursroarsarru
813 159 844 204 s.
861 155 891 203 v.
909 158 962 204 ssa.

95 329 158 376 nus,
175 315 273 371 natura
288 327 323 368 ac
336 316 456 368 senecta
469 315 630 374 cunctator,
643 307 825 382 suspiciones
835 308 960 366 militum

94 411 240 476 inritabat,
254 419 398 484 tamquam
411 411 568 466 arlfinitatis
588 428 655 466 cum
668 409 796 466 Vitellio
816 409 960 466 meminis·

94 517 160 568 set:
195 510 337 583 idemque,
370 510 454 582 quod,
494 513 650 580 coeptante
691 508 838 582 legionum
872 515 960 573 motu,

95 607 237 682 pmiugua,
256 607 324 666 dein
351 617 453 680 sponte
480 610 670 672 remeaverat,
698 607 835 679 perfidiae
863 609 959 662 locum

95 708 241 781 quaesisse
253 707 431 763 credebatur.
472 705 549 762 Nam
564 705 750 770 Flavianum,
763 705 870 760 omissa
885 705 959 760 Pan·

96 807 194 872 nonia',
214 807 373 879 ingressum
401 804 526 868 ltaliam,
546 812 576 860 et
599 803 759 860 discrimini
781 811 957 876 exemptum,

95 922 188 962 rerum
204 921 342 961 novarum
355 903 461 975 cupido
488 902 592 976 Legati
616 919 721 960 nomen
749 920 903 966 resumere,
927 907 957 958 el

96 1003 211 1060 misceri
226 1002 362 1058 civilibus
377 1001 473 1067 armis,
498 1001 661 1074 inpulerat:
681 1001 821 1057 suadente
850 1002 955 1058 Comes

96 1101 137 1158 lio
158 1103 271 1170 Fusco;
293 1119 360 1167 non,
381 1101 446 1174 qnia
461 1100 601 1156 industria
616 1098 755 1156 Flaviani
768 1101 883 1171 egebat,
905 1099 955 1154 sed

95 1205 126 1256 ut
140 1200 298 1256 Consulare
313 1215 417 1256 nomen
439 1199 620 1272 surgentibus
641 1215 707 1254 cum
720 1198 848 1254 maxime
873 1197 953 1269 purti-

64 1296 146 1354 bbus
174 1299 293 1354 honesta
320 1297 418 1370 specie
452 1299 692 1369 praetenderetur.
749 1297 896 1361 Ceterum,
921 1299 952 1352 nt

95 1397 287 1454 transmittere
309 1395 338 1452 iu
355 1396 469 1452 ltaliam
497 1396 605 1467 inpune
625 1400 654 1450 et
682 1393 743 1450 usui
759 1394 841 1458 iuret,
868 1393 952 1466 scrip

95 1503 154 1554 tum
172 1496 291 1568 Aponio
303 1494 467 1559 Saturnino,
481 1491 669 1550 onmesercilu
686 1490 955 1548 ,bocaicocderoret
972 1467 982 1485 ’

96 1599 153 1660 Ac,
168 1615 204 1654 ne
227 1596 351 1652 inermes
375 1593 544 1666 provinciae
569 1591 697 1648 barbaris
718 1591 883 1648 nationibus
906 1607 953 1648 ex·

94 1702 275 1768 ponerentur,
292 1692 441 1764 Principes
470 1693 663 1748 Sarmatarum
687 1691 839 1763 Jaaygum
866 1707 952 1762 penes
1034 1677 1035 1738 ὲ

93 1811 162 1867 quos
176 1791 305 1850 civitatis
327 1791 465 1865 regimen,
489 1789 519 1846 in
543 1789 747 1846 commilitium
764 1789 879 1846 adsciti.
896 1786 952 1864 ple·

93 1890 151 1948 bera
184 1907 304 1964 quoque,
323 1895 348 1946 el
368 1889 423 1946 vim
442 1885 571 1964 equitum,
604 1906 660 1961 qua
684 1889 746 1944 sola
775 1889 885 1953 valent,
915 1886 952 1942 ol·

92 1990 240 2046 serebant:
269 1987 417 2044 remissum
445 1987 474 2044 id
501 2004 613 2052 munus
638 2005 674 2044 ne
697 1985 772 2044 inter
795 1985 952 2042 discordias

92 2094 214 2146 externa
247 2087 423 2152 molirentur,
453 2092 511 2150 aut,
542 2085 649 2141 maiore
677 2103 716 2142 ex
743 2084 862 2140 diverso
884 2101 953 2140 mer-

92 2189 174 2256 cede,
207 2187 252 2244 ius
284 2185 382 2258 iusque
409 2191 558 2242 exuerent.
601 2183 770 2240 'l'rabuntur
797 2184 827 2239 in
859 2189 952 2256 partes

93 2287 166 2346 Sido
191 2292 277 2361 atque
306 2283 435 2350 Italicus,
463 2283 559 2356 Reges
587 2283 756 2346 Suevornm,
777 2281 841 2355 quis
859 2287 952 2338 *setus
1033 2311 1034 2368 ἐ

91 2387 259 2460 obsequium
286 2402 353 2458 erga
369 2383 524 2448 Romanos,
547 2385 577 2437 et
597 2398 670 2453 gens
691 2363 759 2436 fidei
779 2381 952 2436 commissae
1033 2369 1034 2378 ἒ

90 2486 254 2560 patientior.
276 2482 369 2556 posita
396 2480 427 2538 in
461 2483 535 2544 latus
561 2479 680 2546 auxilia,
707 2478 812 2534 intesta
840 2478 954 2543 Raetia,

91 2585 139 2642 cui
154 2583 268 2641 Portius
283 2579 461 2652 Septiminus
489 2579 659 2636 Procurator
672 2582 742 2642 erat,
769 2576 953 2650 incorruptae

90 2699 158 2754 erga
184 2679 339 2738 Vitellium
366 2677 442 2736 fidei.
483 2677 574 2750 igitur
594 2675 733 2734 Sextilius
761 2675 860 2740 Felix,
888 2691 953 2732 cum

90 2781 136 2838 ala
152 2777 283 2836 Auriana
309 2775 347 2834 et'
362 2784 430 2832 octo
456 2775 623 2832 oolrortibus
649 2791 684 2830 ac
712 2773 886 2831 Noricorum
913 2775 952 2831 io·

90 2883 221 2942 vcntnte,
235 2877 271 2932 ad
292 2876 490 2946 occupandam
516 2873 605 2945 ripam
622 2873 699 2930 Aeni
722 2872 856 2942 fluminis,
877 2873 950 2946 quod

90 2977 200 3034 Rhetos
216 2974 396 3048 Noricosque
424 2971 571 3037 interfluit,
600 2970 711 3028 missus.
743 2987 808 3036 nec,
843 2971 951 3028 bisant

88 3077 147 3132 illis
182 3073 321 3146 proelium
355 3070 542 3136 tentantibus,
575 3070 689 3126 fortuna
722 3069 845 3142 partium
880 3069 949 3126 alibi

57 3177 242 3235 dtransaota.
294 3169 435 3234 Antonio,
469 3168 638 3224 vexillarios
671 3187 688 3225 e
721 3168 886 3225 cohortibus
921 3172 949 3224 et

87 3276 197 3343 partem
211 3266 338 3341 equitum
351 3267 387 3322 ad
401 3266 596 3322 invadendam
619 3267 734 3324 ltaliam
749 3267 883 3340 rapienti,
903 3285 948 3323 co

86 3383 147 3424 mes
171 3366 223 3424 luit
251 3363 353 3424 Arrius
380 3363 640 3430 versentanum
668 3367 762 3424 bello:
783 3383 869 3440 quiam
892 3368 950 3441 glo·
