2100 3816
20 271 21 274 ,
96 219 214 268 acmo.
321 218 391 264 uia.
410 218 432 264 1.
484 219 552 266 ose
589 200 758 270 32.-35.
879 203 946 270 151
1028 239 1029 312 j

69 354 156 440 mia,¹
181 371 210 430 in
243 371 390 445 publicum
419 371 552 430 uxilium.
607 373 674 432 Neo
711 374 819 434 diutius
853 373 1003 436 uslbsul
1028 425 1029 428 ι

96 476 248 537 rnnolatus,
278 469 456 542 speciosiora
479 471 665 530 suadentibus
687 474 820 534 aduenit.
862 475 949 534 Pras·

81 569 193 628 “missus
218 577 315 632 tamen
346 569 378 626 in
408 577 503 628 oaslm
537 571 615 638 Piso,
649 576 682 628 nt
716 561 832 630 iuvenis
869 590 948 648 mag·

99 685 154 737 nor
176 669 303 733 nomine,
331 668 443 724 receati
468 668 577 738 lavore,
604 676 635 728 at
667 671 796 730 intensor
824 671 864 728 Τ.
898 671 951 730 Vi·
993 701 998 710 ·

98 766 144 824 uio
167 785 214 824 sau
235 765 306 840 quio
332 771 403 832 erat,
431 783 482 824 seu
518 767 586 842 quis
612 769 680 828 imti
717 769 759 826 ita
793 771 951 838 volsbsam

98 870 126 922 ol
148 865 256 924 iseilius
282 866 321 922 de
357 866 426 922 odio
448 865 583 924 ereditur.
637 867 699 926 Viu
728 869 796 926 dum
834 883 952 942 egresso

100 963 205 1032 Pisone,
249 963 380 1022 oooisum
433 965 463 1021 ia
500 964 604 1024 nastris
650 967 806 1034 Othonem,
858 983 951 1040 ungris

99 1063 210 1134 utimum
231 1069 262 1120 et
294 1062 423 1122 inoerlns
451 1080 574 1120 rumor:
607 1081 686 1132 mos,
722 1070 754 1122 nt
777 1065 809 1123 in
837 1063 950 1142 magau

99 1161 257 1230 mendaciis,
286 1160 450 1218 interfuisse
484 1179 517 1218 aa
553 1162 669 1237 quidam
694 1167 725 1220 et
756 1163 875 1232 vidisse,
901 1163 950 1222 od·

100 1259 247 1328 firmabant,
285 1261 404 1318 credula
440 1260 533 1318 Fama
560 1260 637 1318 inter
662 1263 820 1338 gaudentes
843 1270 874 1320 et
905 1263 949 1322 in·
965 1227 996 1347 i*

100 1360 225 1416 curiosos.
283 1357 370 1414 Mulli
404 1357 622 1426 arbitrabuntur,
657 1359 848 1433 compositum
884 1352 974 1418 auo-¹

100 1461 203 1531 tumque
226 1474 380 1522 rumorem,
408 1455 508 1514 mixtis
536 1457 594 1514 ism
632 1459 816 1523 Othonianis,
843 1459 892 1532 qui
913 1458 951 1516 ad

99 1558 270 1614 evocandum
299 1556 425 1612 Galbam
438 1557 516 1612 isola
540 1555 613 1615 laiso
634 1556 830 1630 vulgaverint.
871 1556 951 1614 Tum
961 1562 1004 1622 35

98 1671 158 1712 roro
170 1673 228 1712 aon
242 1657 364 1728 populus
386 1659 498 1710 tantum
512 1660 542 1710 et
563 1653 689 1726 inperito
713 1655 795 1726 plebs
818 1653 849 1712 ia
873 1655 951 1726 ulnu-

98 1769 138 1809 sus
150 1760 178 1810 et
191 1752 339 1810 inmaoias
351 1751 456 1818 studia,
475 1753 527 1808 sed
547 1751 684 1826 Equilum
707 1751 837 1826 plerique
849 1769 885 1810 ao
901 1751 952 1810 So·

99 1857 228 1916 uotorum,
250 1850 344 1923 posito
364 1855 443 1906 metu
467 1850 588 1916 incauti,
611 1849 739 1908 relroutir
762 1850 864 1924 pololii
887 1851 952 1908 lori·

99 1949 152 2016 bus,
170 1967 251 2008 ruere
274 1949 362 2021 intus,
385 1965 421 2006 ao
440 1965 476 2004 aa
503 1948 618 2006 Galbae
638 1953 794 2015 ostentare,
819 1967 952 2024 praerep-

99 2053 149 2106 tonr
162 2049 217 2106 sibi
241 2047 379 2106 ultionem
394 2053 555 2121 querentes.
596 2047 806 2122 ignavissimus
831 2049 951 2124 quiaque

99 2149 133 2214 el,
144 2153 172 2202 ut
186 2165 230 2204 res
242 2145 353 2214 docuit,
373 2146 404 2202 in
418 2145 547 2218 periculo
560 2162 618 2202 uon
640 2163 768 2213 ausurus,
790 2146 874 2204 nimii
889 2164 952 2204 vor·

100 2243 146 2310 bis,
176 2246 293 2319 linguae
320 2243 448 2302 lerooes:
468 2261 556 2302 nemo
585 2244 671 2311 soire,
690 2252 721 2302 et
750 2260 850 2301 omnes
870 2244 952 2300 odhr-

100 2359 188 2402 ronre:
209 2347 304 2402 donec
331 2343 431 2416 inopia
458 2343 531 2413 veri,
561 2348 592 2400 et
621 2359 765 2402 consensu
796 2341 952 2400 errantium

101 2441 206 2501 rietus:
239 2447 354 2514 sumpto
387 2443 516 2507 thorace,
550 2441 656 2508 Galba,
686 2439 813 2496 inruenti
844 2441 952 2509 turbae,

101 2557 182 2614 neque
201 2546 310 2604 aelate,
325 2557 417 2614 neque
438 2556 557 2612 oorpora
571 2539 684 2606 sistens,
705 2540 777 2596 sella
797 2540 951 2596 levaretur.

101 2638 201 2696 Obvius
215 2639 247 2696 in
268 2638 377 2711 palatio
397 2637 487 2695 lulius
510 2637 638 2703 Atticus,
656 2638 829 2710 speculator,
852 2655 952 2698 ornen-

100 2741 151 2794 turn
164 2739 292 2810 gladium
311 2742 470 2799 ostentans,
489 2733 608 2792 omnm
621 2752 641 2792 o
653 2753 683 2794 so
696 2733 840 2804 Ollsonrm,
855 2739 951 2794 oxula-

100 2837 200 2892 mavil:
220 2841 252 2891 et
266 2835 371 2900 Galba,
394 2831 559 2904 Cornmiiiln
579 2835 681 2908 inquit,
695 2831 758 2909 quis
781 2832 890 2892 iussit?
911 2836 952 2894 in-

98 2933 164 3008 signi
177 2934 276 2991 animo
289 2933 326 2989 od
346 2934 539 2990 coercendam
553 2933 707 2990 militarem
721 2933 879 3002 licentium,
902 2935 953 2994 mi·

20 3105 22 3154 2
123 3089 219 3135 Credula
230 3085 307 3146 suoru]
339 3085 429 3132 Passive
446 3086 538 3132 medulo
556 3085 626 3150 dixitf
650 3099 713 3131 nove.
732 3086 774 3132 nisi
795 3105 954 3158 rrarrrrruomgor

20 3163 22 3212 l
91 3155 207 3212 fossomde
217 3154 342 3202 bominibnu
349 3155 504 3215 dissipantibus
515 3171 561 3203 rem
570 3165 654 3202 temere
664 3156 769 3202 creditam
779 3153 860 3221 capias:
891 3153 953 3222 Idm.

20 3219 21 3222 ’
99 3215 164 3262 Notat
173 3215 271 3262 Savilius
280 3228 308 3259 ex
324 3213 432 3270 Dionysio
447 3215 500 3262 Hal.
517 3222 642 3262 consuetam
658 3215 724 3260 luisse
733 3212 861 3268 Thucydidi
871 3219 954 3257 activo·

98 3287 140 3320 mm
155 3277 177 3320 iu
195 3274 292 3334 passiva,
307 3276 332 3317 et
348 3277 433 3328 eontra,
449 3275 600 3320 mutationem.
633 3273 705 3318 Simili
723 3273 789 3317 modo
803 3282 902 3324 gnarum
913 3281 955 3326 pro

98 3337 141 3380 uoto
150 3334 247 3396 passim3
269 3331 343 3376 uolens
359 3345 400 3390 pro
415 3336 495 3388 gralo,-
511 3333 574 3390 sugo
605 3348 631 3378 ro
640 3332 726 3384 unitim
740 3329 829 3384 largitio
838 3325 902 3390 uulgi
913 3338 955 3381 pro

96 3391 298 3448 inuulgusuolluto
314 3393 358 3434 etc.
377 3391 436 3448 opird
452 3399 557 3435 nostrum.
589 3348 747 3454 Foseiatamen
762 3398 811 3427 sum
821 3381 883 3435 Vrrg.
896 3383 954 3424 Aen·
1028 3393 1029 3404 ¹

99 3449 134 3498 tv.
147 3453 194 3499 lus.
225 3448 320 3496 Famam
330 3446 431 3506 accipere
440 3461 481 3508 pro
490 3449 541 3494 Deo
549 3447 602 3505 ficti
609 3455 716 3502 proutque
725 3445 804 3486 itm·
