2100 3816
114 221 174 288 95·
437 233 620 284 nnnnurvu
841 231 917 282 nv.
933 232 990 282 sm.

111 393 155 452 uti
187 390 297 450 dehinc
327 390 494 449 'Pribunatu
522 389 687 462 Pompeius,
721 386 877 446 cornelius
906 387 988 444 Mar·
1044 399 1045 436 l

109 491 198 558 iistis,
215 490 336 548 Plavius
352 491 460 563 Nepos,
482 489 594 547 Statius
610 487 755 545 Domitius
767 506 775 556 ;
789 484 882 563 quusi,
896 483 988 542 Priu-
1044 511 1045 530 2

111 587 198 666 eipcm
211 607 266 646 nors
288 587 398 665 qmdem
420 586 550 654 odissent,
571 585 622 644 ssd
638 593 729 644 tomen
749 584 986 643 existimarentur.

113 688 215 747 Novio
243 689 353 754 Prisco,
381 705 432 761 per
455 687 636 748 amicitiam.
652 687 793 750 Senecae,
830 692 860 741 et
888 683 988 741 Glitio

112 787 203 846 Gallo
223 795 309 861 atque
337 786 436 844 Annio
457 787 595 851 Pollioni,
615 785 762 842 infamatis
782 785 885 857 magis,
897 799 985 856 quam
1044 807 1045 836 ι

113 887 269 950 convictis,
292 887 361 942 data
385 885 498 942 exsilia.
540 884 671 942 Priscum
700 883 830 940 Antonia
855 874 986 940 Placilla
1044 879 1045 970 l

114 986 242 1044 coniunx
266 984 406 1042 comitata
429 991 492 1040 est:
514 984 632 1040 Gallum
656 983 782 1056 Egnatia
808 981 985 1049 Maximilla,
1044 981 1045 1068 l

114 1083 227 1156 magnis
256 1085 378 1156 primum
404 1088 434 1139 et
462 1083 583 1156 integris
606 1083 718 1154 opibus,
742 1087 806 1153 post
829 1079 984 1152 ademptis.
1044 1073 1045 1136 l

115 1199 188 1257 quas
209 1189 327 1256 utraque
348 1181 469 1256 gloriam
493 1183 555 1238 eius
569 1197 685 1237 auxere.
727 1179 850 1236 Pellitur
873 1186 903 1236 et
928 1179 986 1236 Ru·

114 1281 169 1338 aru
193 1280 353 1352 Crispinus,
378 1281 533 1338 occasione
555 1279 773 1342 coniurationis,
796 1280 848 1335 sed
872 1277 987 1335 Neroni

116 1379 239 1445 invisus,
265 1381 341 1455 quod
377 1380 541 1452 Poppaeam
568 1379 712 1452 quondam
739 1377 923 1435 matrimonio
944 1382 986 1434 te·
1044 1367 1045 1460 l

116 1487 228 1536 nuerat.
262 1479 428 1551 virginium
461 1480 601 1535 Flaccum
622 1485 651 1534 et
682 1476 986 1535 Musoniumltulum
1044 1477 1045 1552 l

94 1578 261 1635 ,claritudo
287 1579 414 1648 nominis
440 1577 561 1650 expulit.
605 1579 682 1634 Nam
710 1577 869 1651 Verginius
889 1578 987 1634 studia

117 1676 257 1746 iuvenum
270 1677 446 1751 eloquentis,
474 1677 623 1734 Musonius
637 1676 798 1750 praeceptis
812 1676 987 1750 seprientiae,
1044 1675 1045 1766 l

112 1775 245 1844 *foveant
295 1775 474 1832 Cluvidieno
499 1775 615 1848 Quieto,
639 1776 716 1832 Iulio
746 1775 904 1850 Agrippae,
926 1776 987 1833 Bli-
1044 1783 1045 1858 l

117 1872 160 1932 tio
188 1872 333 1940 Catulino,
362 1873 500 1931 Petronio
527 1875 638 1938 Prisco,
664 1874 739 1932 lulio
771 1873 882 1940 Altino,
903 1876 987 1932 velut
1044 1859 1045 1874 ¹

117 1971 149 2038 ip
169 1987 274 2043 agmen
295 1977 326 2028 et
350 1989 508 2038 numerum,
533 1973 644 2048 Aegaei
673 1975 758 2031 maris
786 1974 900 2031 insulae
925 1992 988 2048 per·

117 2069 279 2128 mittuntur.
335 2071 378 2128 At
411 2072 543 2139 Codicis,
565 2089 638 2130 uxor
666 2073 799 2140 Saevini,
823 2079 853 2130 et
879 2073 988 2132 Caeso·

118 2167 184 2226 nius
213 2167 370 2236 Maximus,
398 2170 485 2227 ltalia
510 2171 704 2244 prohibentur,
738 2187 801 2229 reos
828 2171 916 2229 luisse
944 2191 989 2241 se,

118 2271 232 2324 tantum
256 2285 349 2342 poena
373 2269 497 2342 experti.
539 2269 641 2340 Atilia,
666 2276 758 2327 mater
785 2272 901 2328 Annaei
930 2272 989 2330 Lu-

118 2366 197 2433 cani,
223 2367 287 2424 sine
320 2368 595 2436 caestuscaestus
621 2369 774 2442 supplicio,
795 2369 988 2428 dissimulata.

66 2454 109 2516 72
121 2465 231 2538 Quibus
260 2465 429 2541 perpetratis
459 2467 547 2531 Nero,
567 2472 597 2523 et
623 2468 767 2524 concione
788 2468 913 2525 militum
939 2469 990 2526 ha-

120 2563 190 2629 bita,
220 2566 287 2620 bina
308 2581 425 2622 numum
450 2565 542 2622 millia
563 2565 671 2624 viritim
694 2567 921 2640 manipularibus
945 2570 990 2626 di·
1044 2621 1045 2640 ,

120 2659 200 2725 visit,
233 2662 370 2735 additque
403 2663 467 2719 sine
495 2663 587 2736 pretio
613 2665 796 2732 trumentum,
829 2683 886 2740 quo
917 2673 989 2725 ante
1044 2643 1045 2702 ἕ

120 2775 158 2816 ex
193 2759 278 2814 modo
305 2776 439 2817 annonae
466 2765 627 2820 utebantur.
683 2765 772 2831 Tum,
796 2768 876 2838 quasi
905 2773 991 2841 gesta

121 2857 199 2913 bello
212 2857 404 2928 expositurus,
425 2865 513 2916 vocat
535 2862 674 2920 Senatum
696 2871 724 2920 et
745 2863 918 2936 triumphale
940 2869 992 2925 de·

121 2971 173 3011 cus
189 2953 327 3011 Petronio
343 2955 518 3031 'l'urpiliano
533 2959 693 3028 consulari,
716 2963 845 3021 Cocceio
867 2965 990 3025 Nervae

121 3051 253 3111 Praetori
281 3055 443 3130 designato,
465 3057 630 3131 Tigellino,
659 3061 811 3120 Praefecto
835 3063 991 3133 Praetorii,

121 3151 239 3221 trilruit3
261 3153 441 3227 'Pigellinum
456 3163 484 3212 et
502 3157 631 3216 Nervam
651 3160 691 3217 ita
705 3163 859 3229 extollens,
881 3171 922 3228 ut,
945 3183 990 3223 su·

83 3297 87 3304 .
121 3267 173 3324 per
187 3249 374 3320 triumphales
388 3253 419 3310 in
433 3255 494 3310 toro
505 3253 656 3330 imagines,
676 3261 751 3333 apud
767 3260 908 3334 palatium
923 3282 991 3338 quo-

120 3367 175 3424 que
210 3350 318 3423 effigies
356 3369 454 3408 eorum
482 3353 605 3412 sisteret.
660 3358 832 3418 consulario
859 3360 990 3438 insignia

150 3503 237 3552 Gaesao
247 3502 343 3564 Nersae]
374 3505 456 3554 Postea
466 3506 619 3556 lurnasrcar.
634 3543 642 3558 .
