2158 3820
126 219 250 268 acca
337 219 408 266 ms.
435 218 510 267 xrv.
561 217 637 266 cnr.
664 200 833 269 51.-53.
953 203 999 272 37

127 373 335 432 ‘laetamentis
363 373 513 448 Principis
546 377 640 448 palam
672 376 811 452 iniquum,
837 377 1002 438 detrectare
1032 447 1036 452 ,

127 475 205 532 ‘vim
220 476 285 532 eius
310 492 401 548 equos
425 475 570 549 regentis;
590 475 721 533 inludere
744 493 843 544 voces,
866 479 1002 554 quotiens

129 579 276 632 ‘caneret
322 575 418 646 Quem
432 575 470 632 ad
485 574 571 632 tinem
585 575 658 633 nibil
673 576 704 632 in
720 575 793 650 Rep.
806 579 916 634 clarum
930 577 1002 647 fore,
1060 568 1061 632 l

129 677 221 748 ‘qnod
243 691 305 732 non
330 673 436 730 abillo
460 674 578 747 reperiri
601 675 745 735 credatur.
787 675 1003 736 Certefinitam
1060 707 1061 716 κ

129 773 277 831 ‘Neronis
303 774 467 848 pueritiam,
491 778 522 830 et
546 777 631 831 robur
654 775 794 832 iuventae
819 775 930 832 adesse.
952 792 1003 834 ax·

131 877 227 932 ‘neret
243 873 424 949 magistrum,
445 873 517 931 satis
537 875 642 947 amplis
660 875 827 932 doctoribus
846 875 1003 934 instructus

131 973 308 1030 ‘maioribus
338 971 419 1030 suis?
476 974 517 1030 At
547 975 663 1032 Seneca
695 975 913 1034 criminantium
943 981 1055 1050 non53

131 1074 255 1149 ignauus,
272 1065 462 1146 prodentibus
483 1073 529 1141 iis,
542 1075 644 1148 quibos
665 1075 762 1148 aliqua
786 1075 900 1132 honesti
924 1092 1004 1146 cura,

130 1180 160 1232 et
186 1174 418 1232 familiaritatem
445 1174 507 1230 eius
530 1173 620 1248 magis
645 1175 838 1247 adspcruaote
865 1175 1004 1242 Caesare,

130 1280 243 1346 tempus
255 1273 384 1331 sermoni
398 1279 476 1330 orat:
498 1279 528 1330 et
541 1279 674 1347 accepto,
695 1273 737 1330 ita
750 1273 870 1347 incipit:
892 1275 1005 1346 ‘Quar-

128 1375 330 1432 ‘tusdecimus
344 1391 438 1430 annus
452 1378 505 1438 est,
521 1372 640 1439 Caesar,
663 1391 701 1430 ex
716 1391 773 1448 quo
787 1373 850 1446 spei
865 1379 931 1432 tuae
955 1374 1006 1432 ad·

130 1480 245 1532 ‘motus
271 1491 350 1532 sum:
371 1479 504 1540 octavus,
528 1477 559 1530 ut
583 1473 740 1546 lmperium
754 1473 887 1542 obtineas
907 1473 1006 1531 medio

130 1573 290 1647 ‘temporis
305 1578 416 1630 tantum
439 1573 580 1630 bonorum
603 1579 688 1647 atque
702 1571 790 1645 opum
803 1573 834 1629 ln
856 1590 903 1630 me
927 1589 1006 1631 cnm·

130 1673 247 1740 ‘alesti
261 1680 295 1730 ut
309 1672 381 1730 nihil
407 1672 543 1730 felicitati
566 1689 649 1730 meae
663 1671 749 1738 desit,
763 1671 821 1728 nisi
845 1671 1007 1730 moderatio

133 1773 225 1830 ‘eiua
267 1773 346 1830 Vtar
364 1773 477 1848 magnis
499 1774 652 1846 exemplis,
678 1789 733 1830 nec
759 1789 841 1830 meae
864 1773 1006 1844 fortunae,

132 1875 205 1930 ‘scd
230 1879 306 1932 tuae.
351 1873 474 1930 Abavus
496 1878 571 1940 tuus,
596 1873 753 1946 Augustus,
781 1870 824 1929 Μ.
853 1875 1005 1948 Agrippae

131 1973 355 2047 ‘Mitylenenae
369 1977 531 2042 secretum3
554 1971 588 2030 Ο.
609 1971 788 2040 Maecenati,
803 1973 871 2030 urbe
886 1973 917 2030 io
931 1973 1005 2047 ipsa,

130 2075 234 2130 ‘velut
271 2071 455 2146 peregrinum
488 2071 580 2130 otium
609 2071 754 2145 permisit:
785 2088 904 2147 quorum
931 2074 1006 2128 alter

132 2173 296 2232 ‘bellorum
322 2172 427 2239 socius,
454 2173 529 2230 alter
559 2171 671 2230 Romae
706 2169 833 2244 pluribus
860 2171 1006 2230 laboribus

132 2270 287 2340 ‘iactatus
302 2273 399 2344 ampla
413 2271 539 2346 quidem,
552 2271 605 2328 sed
627 2287 680 2345 pro
692 2269 861 2344 ingentibus
885 2269 1007 2337 meritis,

132 2371 284 2445 ‘praemia
297 2377 482 2473 acceperant.
499 2421 504 2434 ,
523 2369 588 2446 Ego
601 2369 669 2445 quid
689 2369 769 2426 aliud
788 2367 1007 2426 munificentiae

134 2477 222 2530 ‘tuae
245 2470 385 2528 adbibere
409 2469 509 2545 potui„
524 2487 610 2545 quam
634 2467 784 2534 studiant
806 2467 849 2526 sic
871 2468 1007 2538 dixerim,

137 2571 186 2630 ‘ia
200 2572 301 2628 umbra
315 2567 461 2630 educata?
481 2575 512 2627 et
532 2569 633 2645 quibus
657 2567 800 2626 claritudo
825 2567 916 2636 venit,
930 2569 1007 2646 quod

134 2670 292 2730 ‘iuventae
319 2675 386 2728 tuae
410 2669 581 2728 rudimentis
605 2666 730 2730 adfuisse
758 2666 870 2734 videor,
896 2670 1006 2743 grande

135 2770 241 2828 ‘buius
254 2769 298 2827 rei
322 2768 454 2844 pretium.
476 2773 553 2826 altu
576 2767 700 2842 gratiam
720 2767 902 2837 immensam,
922 2767 1007 2827 innu-

134 2877 265 2930 ‘meram
286 2868 441 2942 pecuniam
462 2865 695 2926 circumdedisti:
717 2867 800 2934 adeo,
827 2873 859 2925 ut
883 2870 1007 2942 plerum·

131 2981 205 3046 ‘que
215 2968 294 3026 intra
306 2968 418 3042 meipso
430 2969 567 3026 volvam:
582 2965 695 3042 Egone,
708 2965 834 3042 equestri
845 2971 876 3024 et
889 2967 1005 3040 provin-

133 3075 141 3104 ‘
154 3051 225 3127 ciali
238 3069 304 3125 loeo
316 3071 404 3135 ortus,
418 3066 585 3141 proceribus
598 3063 729 3124 civitatis
743 3065 936 3124 adnumerat?
957 3067 1005 3124 ln·

134 3175 200 3228 ‘ter
222 3166 347 3236 nobiles,
367 3171 398 3225 at
421 3167 510 3242 longa
530 3166 638 3224 decora
659 3164 865 3239 praeferentes,
886 3165 1005 3224 novius

164 3345 251 3392 Abas
270 3345 323 3390 tutta
341 3340 470 3402 Augustam]
502 3339 573 3386 immo
589 3339 679 3408 clavam
710 3337 774 3408 laps.
811 3337 848 3386 ste
865 3337 873 3382 i
890 3339 1006 3384 sennaar

134 3403 390 3518 ffi‘zrrpgalkbffl.
408 3401 469 3448 unde
484 3411 535 3446 cum
550 3397 642 3458 Ryckro
660 3411 742 3458 recept.
773 3393 834 3443 Ero.
886 3395 1006 3440 asenna

174 3561 247 3604 von.
267 3559 304 3600 rr.¹
583 3538 602 3592 4
