2114 3830
102 161 175 230 sat
324 177 576 226 rsrsronmnrur
610 176 679 225 nra.
703 176 738 224 r.
833 177 911 226 av.
928 179 977 226 ru.

102 332 266 400 ‘raveriot
285 331 500 406 Vespasianum
523 349 614 388 rerum
629 331 732 404 potiri;
754 331 800 390 sin
826 331 966 405 Populum

101 431 282 490 ‘Romanum
307 433 393 488 armis
421 435 590 504 provocent,
613 437 729 504 quotam
743 437 856 503 partem
884 449 971 504 geue·

100 529 160 588 ‘ris
200 530 319 588 humani
354 531 483 586 Batavos
511 527 601 587 esse?
651 529 830 602 respicerent
860 529 968 586 Raetos

101 628 299 703 ‘Noricosque
314 635 344 686 et
368 635 529 684 ceterorum
543 645 632 684 onera
655 627 817 684 sociomm:
838 627 893 684 sibi
909 643 968 685 ooo

102 727 233 792 ‘trilruta
257 728 307 782 sed
324 729 461 784 virtutem
484 735 512 783 et
530 728 606 784 viros
627 727 729 784 indici.
750 727 913 799 proximum
938 726 968 782 id

101 825 266 883 ‘libertarit
297 831 336 890 et,
358 825 383 880 si
407 825 588 881 dominorum
614 826 724 882 electio
744 826 793 892 sit,
818 824 967 882 honestius

101 923 271 994 ‘Principes
285 925 488 984 Romanorum.
503 943 587 997 quam
608 925 819 980 Germanorum
843 925 966 980 leminea

101 1023 242 1078 ‘tolerari
268 1025 339 1078 haec
369 1029 476 1096 vulgus.
519 1023 674 1080 Proceres:
696 1024 857 1078 ‘atrociore
882 1022 964 1078 crvi·

101 1121 156 1176 ‘lis
179 1123 256 1176 ratris
278 1127 371 1178 semet
399 1123 428 1178 in
451 1139 527 1178 arura
553 1130 662 1178 trusos:
693 1122 774 1178 illum
798 1121 964 1177 domesticis

99 1221 201 1274 ‘malie
213 1219 361 1276 excidium
376 1223 470 1291 gentis
484 1221 661 1290 opposuisse.
685 1226 753 1276 lunc
768 1220 895 1276 intensos
911 1219 964 1274 Ba·

101 1319 193 1374 ‘tavis
222 1319 311 1382 Deos,
339 1336 404 1374 cum
431 1320 631 1375 obsiderentur
654 1319 793 1392 legiones,
821 1317 962 1374 interfice·

101 1421 217 1472 ‘rentur
231 1417 345 1486 Legati,
361 1419 466 1474 bellum
481 1419 531 1474 uni
554 1418 758 1482 necessarium,
781 1418 868 1490 ferale
891 1415 961 1488 ipsis

100 1517 287 1572 ‘sumeretne
337 1515 468 1572 Ventum
495 1517 530 1572 ad
559 1525 702 1580 extrema,
734 1516 764 1571 ni
796 1515 961 1586 resipiscere

100 1612 271 1685 ‘incipiant
302 1625 332 1670 et
367 1615 448 1670 noxii
482 1615 587 1687 capitis
621 1632 714 1688 poena
754 1613 960 1686 poenitentiam
1035 1683 1036 1700 Χ

47 1695 284 1770 monson)
325 1715 392 1770 non
415 1713 516 1770 sereno
541 1713 670 1771 currem
697 1731 730 1770 ea
758 1713 962 1776 inclinarent
1035 1715 1036 1718 ‘

100 1812 271 1884 praevenire
293 1813 411 1868 statuit:
441 1830 527 1884 super
550 1813 677 1870 taedium
702 1815 849 1876 malorum,
873 1811 959 1867 etiam

99 1927 150 1982 spa
173 1912 262 1974 vitae,
282 1928 357 1982 quae
385 1913 549 1985 plerumque
577 1929 696 1984 magnos
724 1912 836 1967 animos
863 1910 960 1966 inirin-

99 2009 150 2082 git.
193 2008 290 2064 Petito
316 2009 479 2083 conloquio,
504 2009 645 2066 scinditur
670 2011 812 2066 Nabaliae
836 2007 958 2064 fluminis
1034 2057 1035 2068 ,

99 2125 181 2180 pons.
214 2108 244 2164 io
269 2108 332 2164 cuis
359 2110 478 2179 abrupta
507 2108 648 2181 progressi
673 2109 788 2165 Duces:
822 2113 851 2164 et
879 2106 959 2164 ctri-

98 2206 134 2262 lis
159 2205 200 2262 ita
223 2205 338 2277 coepit:
361 2205 403 2261 ‘si
425 2207 500 2276 apud
525 2206 643 2262 Vitellii
666 2207 806 2278 Legatum
827 2204 960 2262 detende-

99 2310 178 2372 ‘rcr;
200 2321 292 2376 neque
306 2305 383 2360 lacto
398 2321 462 2360 meo
477 2304 573 2366 venia,
589 2323 682 2378 neque
707 2305 794 2361 dictis
808 2305 887 2370 fides,
911 2304 959 2360 de·

98 2406 247 2460 ‘trebatun
290 2403 404 2460 Cuncta
429 2403 505 2458 inter
519 2419 570 2458 nos
584 2403 713 2470 inimica,
728 2404 852 2468 hostilia,
866 2405 903 2458 ab
926 2402 957 2458 il·
1033 2405 1034 2426 ³

98 2505 272 2572 ‘incoepta
296 2519 313 2557 a
337 2519 383 2557 me
407 2508 491 2558 aucta
517 2511 606 2556 erant.
648 2502 725 2574 Erga
747 2501 958 2573 Vespasianum

97 2607 201 2656 ‘vetus
229 2599 299 2656 milri
330 2600 535 2654 observantia:
557 2607 596 2665 et,
626 2617 692 2656 cum
714 2601 842 2671 privatus
873 2605 956 2668 esset,
1032 2651 1033 2658 ,

95 2699 203 2756 ‘amici
233 2701 414 2755 vocabamur.
470 2699 533 2754 Hoc
563 2699 660 2755 Primo
689 2701 821 2756 Antonio
852 2707 956 2767 notum,

94 2797 197 2854 ‘cuius
212 2797 342 2868 epistolis
363 2798 397 2852 ad
415 2798 519 2852 bellurn
535 2799 647 2853 accitus
671 2816 742 2864 sum,
757 2817 794 2854 ne
809 2799 955 2855 Germani·

95 2901 165 2952 ‘cae
181 2895 365 2966 legionensi
381 2895 496 2952 Gallica
519 2895 654 2951 iuventus
671 2898 762 2968 Alpes
778 2898 956 2954 transcende·

94 3000 165 3052 ‘ret
208 2994 291 3064 Quae
312 2994 457 3050 Antonius
472 2992 612 3063 epistolis,
636 2995 820 3052 Hordeonius
835 2997 955 3053 Flaccus

93 3099 246 3162 ‘praesens
274 3093 419 3155 monebat,
448 3109 525 3146 arma
546 3091 577 3147 in
599 3093 755 3149 Germania
773 3097 862 3156 movi,
886 3111 956 3166 quae
1029 3083 1032 3216 ⁴

90 3188 266 3243 ‘Mucianus
281 3188 310 3242 in
328 3189 422 3258 Syria,
447 3190 580 3259 Aponius
595 3190 626 3246 iu
652 3191 776 3259 Moesia,
801 3193 955 3250 Flavianus
1029 3237 1031 3246 r

89 3283 139 3338 ‘in
156 3279 327 3338 Pannonia!

115 3411 240 3477 illactenus
249 3413 276 3458 in
285 3413 415 3481 Pramnio]
448 3415 493 3484 llic
503 3419 575 3486 multa
595 3422 690 3480 periere,
708 3424 787 3484 quibus
804 3427 889 3489 reliqua
903 3426 955 3476 ver-

84 3479 177 3522 paanrm,
193 3475 280 3526 rntegra
296 3472 343 3516 Tru
353 3479 376 3516 et
388 3473 511 3519 llomrnrun
519 3482 624 3537 tempora
633 3484 824 3532 memorabantur.

241 3579 332 3649 ff·
422 3603 498 3636 rrurs:
515 3607 582 3640 sorr:
601 3612 630 3644 rr.
675 3591 740 3682 jab
758 3587 828 3692 'idq

687 3669 704 3694 ι·
819 3682 825 3702 r
