2100 3816
61 213 131 282 138
356 211 612 270 ursronmnrrr
781 197 857 251 ι..ι
878 195 945 244 ιιι.

58 389 90 444 et
104 396 236 456 prospers
249 377 287 436 do
302 375 409 433 Pisone
423 371 499 428 tama
513 361 639 424 oonsilio
663 357 727 416 eius
741 355 829 414 tidem
853 347 950 406 eddi·

59 482 151 538 (ieret.
194 478 271 540 Piso,
297 473 339 532 Μ.
365 472 471 528 cresso
494 472 524 520 et
545 457 701 518 Scribonia
731 452 857 527 genitus,
886 462 950 504 no·

60 580 130 638 bitis
154 576 305 647 utrimque,
340 570 422 626 vultu
449 561 607 636 habituque
636 555 725 614 moris
750 548 874 622 antiqui,
911 546 951 598 et

24 651 30 735 i
61 675 265 742 aestimatione
279 675 500 726 metuerimus,
524 657 653 718 deterius
677 643 950 720 interpretantibus

25 784 31 816 ¹
64 775 173 832 tristior
186 771 352 828 habebatur.
366 780 402 820 es
415 778 481 835 pers
496 772 607 814 morum
621 753 694 815 eius.
708 765 766 822 qno
780 739 954 816 suspeetior

11 880 52 940 15
65 871 208 934 sotlmrtu
228 861 379 938 adoptanti
402 860 546 932 pinoebut.
588 851 683 924 tgitur
706 847 815 908 Galba,
839 841 952 909 adpre-

65 972 159 1028 henso
183 963 295 1024 Pisonis
309 977 405 1022 manu,
418 957 449 1014 in
473 957 550 1010 bunc
565 950 683 1007 morium
698 947 813 1001 loeutus
835 938 952 994 fertur·

18 1105 23 1114 ·
66 1067 123 1124 ‘Si
137 1073 166 1122 te
185 1063 313 1136 privatus
327 1060 391 1128 tege
411 1053 523 1110 norisio
545 1048 620 1121 spurt
643 1041 816 1103 Pontifices,
830 1040 861 1092 ut
884 1047 950 1088 rno-

67 1165 127 1220 ‘ris
141 1167 194 1227 est,
208 1160 385 1228 adoptarem,
406 1160 436 1208 et
450 1147 522 1206 mibi
535 1144 686 1218 egregium
698 1145 771 1205 erat,
786 1135 842 1192 Cn.
858 1131 952 1188 Pom·

67 1259 147 1330 ‘peii
161 1265 191 1313 et
214 1254 255 1312 Μ.
280 1251 378 1308 Crassi
393 1245 546 1306 subolem
538 1263 569 1302 ιιι
590 1235 720 1298 Penstes
746 1249 826 1291 meos
852 1226 953 1285 adsui-

67 1365 179 1419 ‘soere,
193 1349 317 1408 ettibi'
309 1347 434 1420 moigne,
451 1342 600 1417 Sutpieioe
615 1355 651 1394 eo
675 1332 814 1392 Lutetiae
838 1328 955 1383 decore

68 1449 237 1510 ‘nobilitati
273 1452 341 1502 tuse
378 1443 530 1500 adiecisse.
593 1439 684 1495 Nune
718 1449 777 1496 me,
815 1421 953 1482 Deorum

70 1550 294 1618 ‘hominumque
337 1557 482 1600 eonsensu
523 1539 561 1600 ed
597 1531 758 1605 Imperium
798 1529 955 1585 vocatum,

70 1649 238 1719 ‘precntum
260 1642 375 1698 indoles
402 1647 451 1696 tue
471 1643 502 1694 et
524 1651 606 1692 emor
630 1629 744 1704 patriae
768 1620 889 1695 inpulit,
919 1622 954 1674 ut

71 1742 300 1812 ‘Principntunn
327 1740 364 1794 de
391 1753 448 1810 quo
472 1733 596 1790 maiores
622 1725 715 1786 nostri
744 1721 833 1780 ermis
859 1721 958 1774 nerts-

71 1840 172 1902 ‘bunt⁹
187 1838 263 1892 betto
276 1835 408 1906 adeptus,
432 1829 596 1906 quiescenti
609 1827 741 1888 offeram,
755 1819 898 1890 exempto
916 1813 957 1870 D.

72 1931 229 2004 ‘Augusti
241 1931 289 2003 qui
304 1932 409 1986 rororis
431 1931 531 1986 titium.
558 1925 747 1987 Marcellum,
770 1919 842 1975 dein
864 1929 959 1988 geue·

72 2035 164 2093 ‘rum‚
190 2026 361 2098 Agrippam,
385 2045 455 2084 mox
477 2030 599 2097 nepotes
621 2039 699 2087 suos,
726 2024 879 2092 postremo
903 2011 961 2070 'Pi-

73 2125 205 2179 ‘borium
228 2122 388 2189 Neronem,
409 2123 585 2196 privignum,
606 2121 638 2176 in
664 2117 803 2191 proximo
826 2111 883 2169 sibi
903 2110 964 2166 ies·

73 2219 166 2292 ‘figio
186 2219 364 2274 oouiooavit.
407 2221 467 2278 Sed
493 2222 644 2292 Augustus
669 2215 700 2272 in
726 2216 818 2270 domo
842 2223 965 2266 suooes·

73 2322 187 2372 Ἥκω
220 2315 383 2388 ‘iflifflviit
417 2335 482 2390 ego,
497 2375 500 2382 ,
513 2317 546 2374 in
581 2313 759 2386 Repubtios.
782 2328 855 2376 non,
891 2306 965 2380 quin

74 2417 82 2441 ‘
95 2412 330 2518 propinquorum
343 2413 527 2472 sooiosbetti
548 2430 609 2470 non
623 2413 769 2478 babeom3
792 2410 846 2466 sed
863 2423 964 2481 nequo

73 2511 156 2576 ‘lpse
182 2507 338 2576 imperium
365 2511 526 2568 ambitione
554 2509 680 2582 eooepi:
712 2512 745 2564 et
769 2506 880 2564 iudicii
904 2502 965 2561 mei

73 2600 299 2712 :⁶⁰⁰⁰menium
322 2605 392 2670 siut,
406 2624 465 2662 non
480 2625 563 2664 meae
578 2613 693 2664 tentum
710 2603 966 2668 necessitudines,

97 2710 167 2762 ‘11¹³ss
191 2694 244 2748 tibi
269 2703 429 2770 postposui,
451 2706 501 2760 sed
529 2710 558 2760 et
581 2711 660 2760 tuae.
701 2704 757 2760 Est
788 2702 847 2758 tibi
876 2702 968 2758 freter

72 2785 155 2907 :pari
183 2787 346 2857 nobilitate,
374 2803 445 2853 netu
477 2800 579 2866 maior
607 2800 715 2872 dignus
744 2801 804 2855 huo
836 2799 968 2864 iot-tuns,

94 2894 150 2932 niu
165 2882 194 2931 tu
210 2883 304 2948 potior
317 2903 408 2945 esses
450 2895 494 2950 Eo
518 2901 602 2953 netes
627 2903 689 2963 tue,
713 2913 791 2970 quoe
817 2897 971 2968 eupidita-

72 2975 137 3022 ‘res
164 2973 421 3038 ndotescentiae
413 3005 473 3044 sem
501 2992 653 3065 effugerim
675 3011 714 3050 ee
742 2993 823 3056 vita,
853 2994 888 3050 in
913 3009 972 3067 que

72 3067 80 3093 G

43 3172 45 3182 y
73 3061 380 3212 ιειίιιίιιιιὶιὲο[ἔιιιιιιιιιὶιιιιιι
405 3090 608 3146 excusandum
631 3091 753 3146 babeas.
797 3091 972 3147 Fortunam

19 3227 23 3233 .
72 3255 80 3279 ‘
212 3170 314 3221 antum
333 3174 491 3236 adversam
511 3185 622 3254 tulisti3
642 3189 795 3244 secundae
822 3205 874 3245 res
898 3187 973 3245 eori-

43 3319 47 3328 ι
91 3249 186 3305 oribus
213 3256 342 3320 stimulis
372 3271 490 3332 animos
521 3283 688 3384 explorant,
723 3285 797 3360 quie
827 3286 973 3344 miserius
