2090 3838
130 177 238 242 aona
320 178 391 226 nra.
417 125 477 224 ns
506 179 584 226 can.
614 157 780 226 lta-17.
905 161 977 228 205

127 330 231 404 msulae,
245 333 322 390 tama
336 331 468 391 victricis
482 332 584 390 clamis
598 333 629 392 in
653 331 779 407 partibus
794 332 919 392 Othonis
939 338 979 392 ta·

126 430 186 488 unit.
227 430 287 490 Sed
313 431 463 490 Corsicam
477 449 565 506 prone
589 433 703 490 adflixit
719 433 757 490 D.
781 433 896 492 Pacarii
910 434 978 492 Pro-

125 531 250 590 curatoris
274 531 434 598 temeritas,
456 539 537 590 tanta
558 535 633 590 mota
656 531 734 598 beiti,
758 531 831 590 nihil
847 533 877 590 in
905 549 978 590 sum·

125 644 192 686 mana
223 630 376 704 prosatum,
410 630 467 702 ipsi
499 630 633 688 exitiosa.
675 631 820 705 Namque,
854 629 978 688 Othonis

46 735 56 748 ·
105 727 190 795 ‚odim
216 728 319 796 iuvare
352 728 509 787 Vitellium
543 730 700 788 Corsorum
726 729 836 786 viribus
868 729 978 796 statuit,

120 823 338 894 inaniauxitio,
358 827 449 884 etiam
469 827 493 884 si
521 828 713 900 provenisset.
753 827 878 886 Vocatis
904 827 979 899 prin·

117 924 222 998 cipibus
241 926 365 992 insulae,
385 927 538 984 consitium
560 929 673 1000 aperit:
699 933 852 984 utcontra
878 927 979 984 dicere

115 1039 202 1090 mans,
223 1025 380 1083 Gtauaiinm
406 1025 579 1090 Phirricum,
611 1025 818 1084 Trierarohum
847 1025 980 1084 Liburni·

114 1138 208 1180 carum
241 1123 285 1180 ibi
319 1123 448 1190 nuvium,
479 1123 649 1192 Quinctium
680 1123 808 1192 Certum,
842 1125 978 1200 Equitem

113 1221 284 1288 Romanum,
316 1223 442 1281 interfici
476 1223 565 1280 iubat.
606 1241 725 1298 qnorum
756 1231 849 1282 morte
883 1231 978 1284 exter·

111 1320 166 1386 riti,
186 1321 240 1394 qni·
263 1321 620 1396 aderant,simn1igcara
653 1328 683 1378 et
707 1322 796 1380 atiani
817 1328 909 1380 metus
933 1339 977 1380 so·

112 1419 158 1476 eis
184 1420 377 1494 inperitomm
406 1423 496 1488 turba,
516 1419 547 1476 in
574 1423 663 1478 verba
689 1421 807 1478 virenti
834 1421 976 1478 iuravere.

52 1526 57 1532 “
111 1518 180 1582 sea,
208 1520 259 1576 ubi
281 1519 429 1576 delectum
455 1537 540 1592 agera
576 1520 722 1586 Pacarius,
750 1525 781 1576 et
812 1519 977 1576 inconditos

109 1617 251 1674 homiues-
270 1617 391 1692 fatigare
418 1618 541 1676 militiae
566 1619 730 1676 muneribus
754 1617 880 1690 occepit,
900 1618 977 1674 labo·

108 1733 167 1774 rem
182 1715 335 1773 insolitum
349 1717 453 1792 perosi,
473 1717 669 1774 infirmitatem
683 1733 764 1774 suam
785 1717 975 1790 reputabant:

106 1816 252 1876 ‘insulam
266 1833 340 1883 esse,
354 1833 440 1891 quam
453 1817 626 1880 incolerent,
640 1823 670 1872 at
685 1818 771 1890 longa
786 1815 974 1872 Germaniam
1003 1881 1006 1892 ¹

107 1913 263 1989 ‘viresqrm
294 1914 461 1988 legionum:
491 1915 618 1990 direptos
653 1917 837 1990 vastatosque
870 1916 974 1982 classe,

106 2013 215 2072 ‘etiam
250 2029 321 2086 quos
350 2013 486 2070 cohortes
519 2015 640 2086 alaeque
671 2012 876 2088 protegerent!
934 2013 975 2070 Et

106 2113 205 2169 aversi
218 2117 338 2184 reneme
356 2111 465 2168 animis
487 2127 542 2168 nec
563 2117 660 2168 tamen
687 2118 788 2183 aperta
811 2112 851 2178 vi,
875 2119 975 2185 aptum

106 2215 220 2282 tamnus
241 2209 355 2266 insidiis
383 2211 489 2284 legera.
509 2209 653 2283 digressis,
673 2210 722 2284 qui
743 2210 896 2266 Pacarium
922 2211 975 2266 tre·

105 2308 296 2380 quentabant,
326 2307 416 2362 nudus
450 2311 482 2362 at
514 2305 617 2364 ausilii
645 2306 739 2378 inops,
772 2305 896 2364 balineis
931 2306 974 2363 in·

106 2403 255 2470 tarficitnr,
289 2403 424 2464 trucidati
458 2410 489 2462 et
518 2405 650 2462 comites.
712 2401 825 2474 Capita,
846 2409 878 2460 ut
911 2405 974 2462 hos·

104 2503 188 2568 tium,
208 2503 265 2576 ipsi
285 2502 488 2560 interfectores
509 2505 544 2560 asi
567 2504 713 2561 Othonem
738 2503 846 2558 tatere:
880 2521 973 2577 neque

103 2619 154 2662 eos
175 2607 226 2660 aut
246 2602 326 2660 Otho
358 2603 486 2675 praemio
506 2602 624 2667 adiecit,
655 2607 703 2658 aut
735 2584 849 2673 nunivit
879 2601 973 2660 Vitel-

103 2700 170 2768 lius,
198 2701 229 2758 in
262 2703 351 2758 muita
381 2699 519 2758 conluvie
548 2717 642 2758 rerum
671 2699 825 2758 maioribus
855 2700 973 2776 flagitiis

102 2799 274 2873 permixtos.
345 2801 508 2873 Aperuerat
548 2799 607 2856 iam
649 2799 776 2866 ltaliam,
809 2800 972 2876 bellumque
987 2799 1025 2862 17

105 2898 314 2966 transmiserat,
335 2903 366 2955 nt
395 2915 482 2971 supra
508 2896 741 2960 memoravimus,
772 2899 818 2954 ala
841 2900 973 2972 Syllana,

102 2997 292 3069 nulio'npud
320 3005 491 3070 quemquam
523 2994 648 3054 Othonis
668 2994 784 3052 favore:
817 3015 872 3054 nec
906 2998 974 3072 quia

101 3094 261 3152 Vitellium
290 3097 428 3162 mallent3
458 3095 509 3152 sed
541 3097 627 3168 ionga
656 3111 714 3166 pax
746 3094 782 3150 ad
810 3112 896 3152 omne
917 3115 973 3154 ser·

102 3193 211 3251 vitium
241 3195 375 3267 fregerat,
406 3193 508 3250 faciles
540 3193 751 3266 occupantibus
785 3199 814 3250 et
848 3196 973 3253 meliori·

130 3345 263 3394 laomim
280 3347 387 3408 homines]
408 3345 423 3393 i.
444 3361 464 3392 e.
487 3361 598 3408 nunquam
623 3345 689 3392 alicui
708 3345 862 3392 exercitationi
881 3345 974 3390 militari

103 3407 254 3462 adsuefactos,
265 3421 337 3468 eoque
345 3407 397 3453 duri
406 3405 566 3459 exercentibus,
576 3410 620 3450 etc.
632 3403 661 3450 V.
674 3406 704 3450 A.
716 3403 745 3459 ll,
756 3407 792 3448 ⁵2.
823 3401 885 3446 Era.

143 3505 216 3546 von.
239 3505 275 3544 rr.
562 3487 598 3538 18
