<?xml version="1.0" encoding="UTF-8"?>
<!DOCTYPE html PUBLIC "-//W3C//DTD XHTML 1.0 Transitional//EN"
    "http://www.w3.org/TR/xhtml1/DTD/xhtml1-transitional.dtd">
<html xmlns="http://www.w3.org/1999/xhtml" xml:lang="en" lang="en">
 <head>
  <title>
</title>
<meta http-equiv="Content-Type" content="text/html;charset=utf-8" />
  <meta name='ocr-system' content='tesseract 3.04.00' />
  <meta name='ocr-capabilities' content='ocr_page ocr_carea ocr_par ocr_line ocrx_word'/>
</head>
<body>
  <div class='ocr_page' id='page_1' title='image "./operaexrecensio02tacigoog_0422.png"; bbox 0 0 2114 3830; ppageno 0'>
   <div class='ocr_carea' id='block_1_1' title="bbox 88 199 963 272">
    <p class='ocr_par' dir='ltr' id='par_1_1' title="bbox 88 199 963 272">
     <span class='ocr_line' id='line_1_1' title="bbox 88 199 963 272; baseline 0.006 -5"><span class='ocrx_word' id='word_1_1' title='bbox 88 213 224 268; x_wconf 66' lang='lat' dir='ltr'>sorr.</span> <span class='ocrx_word' id='word_1_2' title='bbox 360 215 499 266; x_wconf 68' lang='lat' dir='ltr'>urar.</span> <span class='ocrx_word' id='word_1_3' title='bbox 532 219 627 266; x_wconf 36' lang='lat' dir='ltr'>*ose</span> <span class='ocrx_word' id='word_1_4' title='bbox 654 199 687 267; x_wconf 89' lang='grc'>9.</span> <span class='ocrx_word' id='word_1_5' title='bbox 709 201 764 267; x_wconf 78' lang='lat' dir='ltr'>lot</span> <span class='ocrx_word' id='word_1_6' title='bbox 894 205 963 272; x_wconf 74' lang='lat' dir='ltr'>tlt</span> 
     </span>
    </p>
   </div>
   <div class='ocr_carea' id='block_1_2' title="bbox 81 367 1022 2515">
    <p class='ocr_par' dir='ltr' id='par_1_2' title="bbox 81 367 1022 2515">
     <span class='ocr_line' id='line_1_2' title="bbox 84 367 971 449; baseline 0.005 -23"><span class='ocrx_word' id='word_1_7' title='bbox 84 367 214 446; x_wconf 68' lang='lat' dir='ltr'>ffgirrrr</span> <span class='ocrx_word' id='word_1_8' title='bbox 234 369 300 428; x_wconf 58' lang='lat' dir='ltr'>aare</span> <span class='ocrx_word' id='word_1_9' title='bbox 318 368 349 428; x_wconf 86' lang='lat' dir='ltr'>r‘n</span> <span class='ocrx_word' id='word_1_10' title='bbox 368 371 467 449; x_wconf 78' lang='lat' dir='ltr'>temple</span> <span class='ocrx_word' id='word_1_11' title='bbox 486 370 594 440; x_wconf 76' lang='lat' dir='ltr'>lerum,</span> <span class='ocrx_word' id='word_1_12' title='bbox 607 391 686 431; x_wconf 83' lang='lat' dir='ltr'>arma</span> <span class='ocrx_word' id='word_1_13' title='bbox 706 375 801 449; x_wconf 89' lang='lat' dir='ltr'>potius</span> <span class='ocrx_word' id='word_1_14' title='bbox 823 391 971 434; x_wconf 77' lang='lat' dir='ltr'>sumsere:</span> 
     </span>
     <span class='ocr_line' id='line_1_3' title="bbox 84 471 970 543; baseline 0.006 -16"><span class='ocrx_word' id='word_1_15' title='bbox 84 485 176 543; x_wconf 86' lang='lat' dir='ltr'>quem</span> <span class='ocrx_word' id='word_1_16' title='bbox 191 477 310 528; x_wconf 90' lang='lat' dir='ltr'>motum</span> <span class='ocrx_word' id='word_1_17' title='bbox 326 471 460 528; x_wconf 73' lang='lat' dir='ltr'>Caesaris</span> <span class='ocrx_word' id='word_1_18' title='bbox 480 489 556 528; x_wconf 88' lang='lat' dir='ltr'>mors</span> <span class='ocrx_word' id='word_1_19' title='bbox 579 473 703 530; x_wconf 85' lang='lat' dir='ltr'>diremit.</span> <span class='ocrx_word' id='word_1_20' title='bbox 746 474 903 538; x_wconf 74' lang='lat' dir='ltr'>Claudius,</span> <span class='ocrx_word' id='word_1_21' title='bbox 920 475 970 532; x_wconf 84' lang='lat' dir='ltr'>rte·</span> 
     </span>
     <span class='ocr_line' id='line_1_4' title="bbox 83 567 969 644; baseline 0.01 -22"><span class='ocrx_word' id='word_1_22' title='bbox 83 567 200 626; x_wconf 81' lang='lat' dir='ltr'>iuuetis</span> <span class='ocrx_word' id='word_1_23' title='bbox 224 570 367 644; x_wconf 80' lang='lat' dir='ltr'>Regibus,</span> <span class='ocrx_word' id='word_1_24' title='bbox 394 573 500 628; x_wconf 83' lang='lat' dir='ltr'>autad</span> <span class='ocrx_word' id='word_1_25' title='bbox 533 571 677 628; x_wconf 79' lang='lat' dir='ltr'>modicum</span> <span class='ocrx_word' id='word_1_26' title='bbox 705 574 839 638; x_wconf 80' lang='lat' dir='ltr'>redeatis,</span> <span class='ocrx_word' id='word_1_27' title='bbox 868 573 969 631; x_wconf 77' lang='lat' dir='ltr'>tudae·</span> 
     </span>
     <span class='ocr_line' id='line_1_5' title="bbox 83 667 969 744; baseline 0.008 -22"><span class='ocrx_word' id='word_1_28' title='bbox 83 681 133 723; x_wconf 81' lang='lat' dir='ltr'>am</span> <span class='ocrx_word' id='word_1_29' title='bbox 147 667 345 740; x_wconf 74' lang='lat' dir='ltr'>provinciam</span> <span class='ocrx_word' id='word_1_30' title='bbox 369 670 521 744; x_wconf 82' lang='lat' dir='ltr'>Equitibus</span> <span class='ocrx_word' id='word_1_31' title='bbox 546 671 686 727; x_wconf 87' lang='lat' dir='ltr'>Romanis</span> <span class='ocrx_word' id='word_1_32' title='bbox 701 678 750 727; x_wconf 87' lang='lat' dir='ltr'>aut</span> <span class='ocrx_word' id='word_1_33' title='bbox 772 671 882 728; x_wconf 87' lang='lat' dir='ltr'>libertis</span> <span class='ocrx_word' id='word_1_34' title='bbox 907 689 969 743; x_wconf 89' lang='lat' dir='ltr'>per·-</span> 
     </span>
     <span class='ocr_line' id='line_1_6' title="bbox 85 764 969 841; baseline 0.007 -21"><span class='ocrx_word' id='word_1_35' title='bbox 85 764 180 822; x_wconf 84' lang='lat' dir='ltr'>nrisit.</span> <span class='ocrx_word' id='word_1_36' title='bbox 204 783 225 824; x_wconf 88' lang='lat' dir='ltr'>e</span> <span class='ocrx_word' id='word_1_37' title='bbox 255 767 356 840; x_wconf 86' lang='lat' dir='ltr'>quibus</span> <span class='ocrx_word' id='word_1_38' title='bbox 381 769 526 826; x_wconf 81' lang='lat' dir='ltr'>Antonius</span> <span class='ocrx_word' id='word_1_39' title='bbox 541 770 639 836; x_wconf 77' lang='lat' dir='ltr'>Felix,</span> <span class='ocrx_word' id='word_1_40' title='bbox 664 785 849 841; x_wconf 88' lang='lat' dir='ltr'>peromnem</span> <span class='ocrx_word' id='word_1_41' title='bbox 874 769 969 826; x_wconf 85' lang='lat' dir='ltr'>saevi·</span> 
     </span>
     <span class='ocr_line' id='line_1_7' title="bbox 83 861 969 940; baseline 0.006 -22"><span class='ocrx_word' id='word_1_42' title='bbox 83 861 159 920; x_wconf 78' lang='lat' dir='ltr'>tiam</span> <span class='ocrx_word' id='word_1_43' title='bbox 176 882 218 921; x_wconf 82' lang='lat' dir='ltr'>ao</span> <span class='ocrx_word' id='word_1_44' title='bbox 235 865 398 932; x_wconf 79' lang='lat' dir='ltr'>libidinem,</span> <span class='ocrx_word' id='word_1_45' title='bbox 414 867 457 923; x_wconf 87' lang='lat' dir='ltr'>ius</span> <span class='ocrx_word' id='word_1_46' title='bbox 479 868 601 940; x_wconf 85' lang='lat' dir='ltr'>Regium</span> <span class='ocrx_word' id='word_1_47' title='bbox 622 867 723 924; x_wconf 84' lang='lat' dir='ltr'>servili</span> <span class='ocrx_word' id='word_1_48' title='bbox 748 866 867 940; x_wconf 82' lang='lat' dir='ltr'>ingenio</span> <span class='ocrx_word' id='word_1_49' title='bbox 888 883 969 923; x_wconf 84' lang='lat' dir='ltr'>exer·</span> 
     </span>
     <span class='ocr_line' id='line_1_8' title="bbox 85 959 969 1038; baseline 0.005 -22"><span class='ocrx_word' id='word_1_50' title='bbox 85 959 160 1026; x_wconf 84' lang='lat' dir='ltr'>uuit,</span> <span class='ocrx_word' id='word_1_51' title='bbox 201 963 345 1028; x_wconf 74' lang='lat' dir='ltr'>Drusilla,</span> <span class='ocrx_word' id='word_1_52' title='bbox 383 965 558 1037; x_wconf 80' lang='lat' dir='ltr'>Cleopatrae</span> <span class='ocrx_word' id='word_1_53' title='bbox 579 971 608 1022; x_wconf 89' lang='lat' dir='ltr'>et</span> <span class='ocrx_word' id='word_1_54' title='bbox 644 965 765 1022; x_wconf 83' lang='lat' dir='ltr'>Antonii</span> <span class='ocrx_word' id='word_1_55' title='bbox 808 972 904 1038; x_wconf 80' lang='lat' dir='ltr'>nepte,</span> <span class='ocrx_word' id='word_1_56' title='bbox 937 963 969 1021; x_wconf 86' lang='lat' dir='ltr'>in</span> 
     </span>
     <span class='ocr_line' id='line_1_9' title="bbox 81 1063 968 1135; baseline 0.003 -19"><span class='ocrx_word' id='word_1_57' title='bbox 81 1063 316 1119; x_wconf 77' lang='lat' dir='ltr'>matrimonium</span> <span class='ocrx_word' id='word_1_58' title='bbox 336 1070 471 1135; x_wconf 81' lang='lat' dir='ltr'>accepta:</span> <span class='ocrx_word' id='word_1_59' title='bbox 506 1071 536 1120; x_wconf 93' lang='lat' dir='ltr'>ut</span> <span class='ocrx_word' id='word_1_60' title='bbox 561 1065 690 1121; x_wconf 88' lang='lat' dir='ltr'>eiusdem</span> <span class='ocrx_word' id='word_1_61' title='bbox 724 1063 847 1122; x_wconf 83' lang='lat' dir='ltr'>Antonii</span> <span class='ocrx_word' id='word_1_62' title='bbox 880 1063 968 1120; x_wconf 78' lang='lat' dir='ltr'>Felix</span> 
     </span>
     <span class='ocr_line' id='line_1_10' title="bbox 81 1160 1022 1233; baseline 0.002 -17"><span class='ocrx_word' id='word_1_63' title='bbox 81 1175 249 1232; x_wconf 77' lang='lat' dir='ltr'>progener,</span> <span class='ocrx_word' id='word_1_64' title='bbox 285 1162 423 1218; x_wconf 84' lang='lat' dir='ltr'>Claudius</span> <span class='ocrx_word' id='word_1_65' title='bbox 458 1179 548 1233; x_wconf 87' lang='lat' dir='ltr'>nepos</span> <span class='ocrx_word' id='word_1_66' title='bbox 579 1167 665 1218; x_wconf 87' lang='lat' dir='ltr'>esset.</span> <span class='ocrx_word' id='word_1_67' title='bbox 707 1162 833 1218; x_wconf 82' lang='lat' dir='ltr'>Duravit</span> <span class='ocrx_word' id='word_1_68' title='bbox 869 1160 1022 1218; x_wconf 79' lang='lat' dir='ltr'>ramento</span> 
     </span>
     <span class='ocr_line' id='line_1_11' title="bbox 83 1257 968 1334; baseline 0.007 -22"><span class='ocrx_word' id='word_1_69' title='bbox 83 1257 242 1329; x_wconf 88' lang='lat' dir='ltr'>patientia</span> <span class='ocrx_word' id='word_1_70' title='bbox 258 1260 372 1316; x_wconf 81' lang='lat' dir='ltr'>ludaeis</span> <span class='ocrx_word' id='word_1_71' title='bbox 393 1258 481 1334; x_wconf 76' lang='lat' dir='ltr'>usipue</span> <span class='ocrx_word' id='word_1_72' title='bbox 495 1262 531 1316; x_wconf 74' lang='lat' dir='ltr'>att</span> <span class='ocrx_word' id='word_1_73' title='bbox 557 1260 693 1317; x_wconf 83' lang='lat' dir='ltr'>Gessium</span> <span class='ocrx_word' id='word_1_74' title='bbox 715 1261 841 1328; x_wconf 81' lang='lat' dir='ltr'>Florum,</span> <span class='ocrx_word' id='word_1_75' title='bbox 863 1259 968 1318; x_wconf 75' lang='lat' dir='ltr'>Ptoou·</span> 
     </span>
     <span class='ocr_line' id='line_1_12' title="bbox 84 1359 968 1429; baseline 0.007 -19"><span class='ocrx_word' id='word_1_76' title='bbox 84 1361 233 1414; x_wconf 81' lang='lat' dir='ltr'>retorem.</span> <span class='ocrx_word' id='word_1_77' title='bbox 276 1359 337 1414; x_wconf 85' lang='lat' dir='ltr'>Sub</span> <span class='ocrx_word' id='word_1_78' title='bbox 370 1375 406 1414; x_wconf 91' lang='lat' dir='ltr'>eo</span> <span class='ocrx_word' id='word_1_79' title='bbox 434 1361 541 1416; x_wconf 89' lang='lat' dir='ltr'>bettum</span> <span class='ocrx_word' id='word_1_80' title='bbox 575 1365 678 1415; x_wconf 89' lang='lat' dir='ltr'>ortum.</span> <span class='ocrx_word' id='word_1_81' title='bbox 713 1363 743 1414; x_wconf 88' lang='lat' dir='ltr'>et</span> <span class='ocrx_word' id='word_1_82' title='bbox 777 1359 968 1429; x_wconf 76' lang='lat' dir='ltr'>comprimere</span> 
     </span>
     <span class='ocr_line' id='line_1_13' title="bbox 85 1457 969 1531; baseline 0.005 -21"><span class='ocrx_word' id='word_1_83' title='bbox 85 1461 286 1527; x_wconf 75' lang='lat' dir='ltr'>coeptantem</span> <span class='ocrx_word' id='word_1_84' title='bbox 307 1457 438 1513; x_wconf 89' lang='lat' dir='ltr'>Cestium</span> <span class='ocrx_word' id='word_1_85' title='bbox 462 1457 590 1524; x_wconf 79' lang='lat' dir='ltr'>Gallum,</span> <span class='ocrx_word' id='word_1_86' title='bbox 617 1457 721 1531; x_wconf 82' lang='lat' dir='ltr'>Syriae</span> <span class='ocrx_word' id='word_1_87' title='bbox 745 1457 896 1529; x_wconf 78' lang='lat' dir='ltr'>Legatum,</span> <span class='ocrx_word' id='word_1_88' title='bbox 918 1473 969 1515; x_wconf 80' lang='lat' dir='ltr'>vr·</span> 
     </span>
     <span class='ocr_line' id='line_1_14' title="bbox 84 1549 968 1627; baseline 0.003 -20"><span class='ocrx_word' id='word_1_89' title='bbox 84 1549 131 1608; x_wconf 88' lang='lat' dir='ltr'>ria</span> <span class='ocrx_word' id='word_1_90' title='bbox 159 1555 276 1625; x_wconf 87' lang='lat' dir='ltr'>proelia</span> <span class='ocrx_word' id='word_1_91' title='bbox 299 1571 335 1610; x_wconf 86' lang='lat' dir='ltr'>ao</span> <span class='ocrx_word' id='word_1_92' title='bbox 355 1555 470 1627; x_wconf 89' lang='lat' dir='ltr'>saepius</span> <span class='ocrx_word' id='word_1_93' title='bbox 496 1558 620 1612; x_wconf 79' lang='lat' dir='ltr'>adversa</span> <span class='ocrx_word' id='word_1_94' title='bbox 647 1569 801 1626; x_wconf 74' lang='lat' dir='ltr'>excepere.</span> <span class='ocrx_word' id='word_1_95' title='bbox 843 1554 902 1625; x_wconf 81' lang='lat' dir='ltr'>Qut</span> <span class='ocrx_word' id='word_1_96' title='bbox 918 1553 968 1612; x_wconf 84' lang='lat' dir='ltr'>ubi</span> 
     </span>
     <span class='ocr_line' id='line_1_15' title="bbox 83 1649 966 1733; baseline 0.002 -27"><span class='ocrx_word' id='word_1_97' title='bbox 83 1649 158 1716; x_wconf 79' lang='lat' dir='ltr'>lato,</span> <span class='ocrx_word' id='word_1_98' title='bbox 182 1661 235 1709; x_wconf 87' lang='lat' dir='ltr'>aut</span> <span class='ocrx_word' id='word_1_99' title='bbox 264 1654 361 1733; x_wconf 82' lang='lat' dir='ltr'>taedio</span> <span class='ocrx_word' id='word_1_100' title='bbox 380 1653 498 1720; x_wconf 82' lang='lat' dir='ltr'>oceidit,</span> <span class='ocrx_word' id='word_1_101' title='bbox 530 1655 617 1710; x_wconf 90' lang='lat' dir='ltr'>missu</span> <span class='ocrx_word' id='word_1_102' title='bbox 650 1652 775 1709; x_wconf 87' lang='lat' dir='ltr'>Neronis</span> <span class='ocrx_word' id='word_1_103' title='bbox 807 1651 966 1723; x_wconf 72' lang='lat' dir='ltr'>Vespasia·</span> 
     </span>
     <span class='ocr_line' id='line_1_16' title="bbox 87 1749 967 1826; baseline 0.003 -19"><span class='ocrx_word' id='word_1_104' title='bbox 87 1766 146 1808; x_wconf 86' lang='lat' dir='ltr'>uus</span> <span class='ocrx_word' id='word_1_105' title='bbox 184 1753 300 1809; x_wconf 79' lang='lat' dir='ltr'>fortuna</span> <span class='ocrx_word' id='word_1_106' title='bbox 331 1753 464 1826; x_wconf 85' lang='lat' dir='ltr'>ternaque</span> <span class='ocrx_word' id='word_1_107' title='bbox 493 1759 523 1809; x_wconf 89' lang='lat' dir='ltr'>et</span> <span class='ocrx_word' id='word_1_108' title='bbox 557 1749 680 1826; x_wconf 79' lang='lat' dir='ltr'>&#39;egregiis</span> <span class='ocrx_word' id='word_1_109' title='bbox 712 1751 860 1818; x_wconf 85' lang='lat' dir='ltr'>ministris,</span> <span class='ocrx_word' id='word_1_110' title='bbox 890 1751 967 1810; x_wconf 66' lang='lat' dir='ltr'>intre</span> 
     </span>
     <span class='ocr_line' id='line_1_17' title="bbox 87 1849 967 1924; baseline 0.005 -19"><span class='ocrx_word' id='word_1_111' title='bbox 87 1849 166 1908; x_wconf 78' lang='lat' dir='ltr'>duas</span> <span class='ocrx_word' id='word_1_112' title='bbox 198 1857 334 1917; x_wconf 83' lang='lat' dir='ltr'>aestates,</span> <span class='ocrx_word' id='word_1_113' title='bbox 365 1857 471 1909; x_wconf 81' lang='lat' dir='ltr'>cuneta</span> <span class='ocrx_word' id='word_1_114' title='bbox 502 1867 667 1924; x_wconf 74' lang='lat' dir='ltr'>camporum</span> <span class='ocrx_word' id='word_1_115' title='bbox 692 1865 859 1924; x_wconf 83' lang='lat' dir='ltr'>omnesque,</span> <span class='ocrx_word' id='word_1_116' title='bbox 888 1867 967 1924; x_wconf 84' lang='lat' dir='ltr'>praa·</span> 
     </span>
     <span class='ocr_line' id='line_1_18' title="bbox 90 1949 966 2023; baseline 0.002 -21"><span class='ocrx_word' id='word_1_117' title='bbox 90 1949 383 2023; x_wconf 65' lang='lat' dir='ltr'>terllierosolyma,</span> <span class='ocrx_word' id='word_1_118' title='bbox 411 1952 505 2015; x_wconf 88' lang='lat' dir='ltr'>urbes,</span> <span class='ocrx_word' id='word_1_119' title='bbox 537 1949 649 2005; x_wconf 82' lang='lat' dir='ltr'>viatore</span> <span class='ocrx_word' id='word_1_120' title='bbox 676 1949 806 2006; x_wconf 75' lang='lat' dir='ltr'>exercitu</span> <span class='ocrx_word' id='word_1_121' title='bbox 839 1952 966 2006; x_wconf 85' lang='lat' dir='ltr'>tenebat.</span> 
     </span>
     <span class='ocr_line' id='line_1_19' title="bbox 90 2045 967 2121; baseline 0.003 -19"><span class='ocrx_word' id='word_1_122' title='bbox 90 2045 252 2105; x_wconf 74' lang='lat' dir='ltr'>Proximus</span> <span class='ocrx_word' id='word_1_123' title='bbox 273 2065 365 2105; x_wconf 80' lang='lat' dir='ltr'>arnus</span> <span class='ocrx_word' id='word_1_124' title='bbox 393 2047 477 2106; x_wconf 88' lang='lat' dir='ltr'>niviti</span> <span class='ocrx_word' id='word_1_125' title='bbox 506 2050 584 2105; x_wconf 91' lang='lat' dir='ltr'>betto</span> <span class='ocrx_word' id='word_1_126' title='bbox 604 2048 742 2115; x_wconf 89' lang='lat' dir='ltr'>intentus,</span> <span class='ocrx_word' id='word_1_127' title='bbox 770 2055 908 2121; x_wconf 85' lang='lat' dir='ltr'>quantum</span> <span class='ocrx_word' id='word_1_128' title='bbox 929 2047 967 2105; x_wconf 79' lang='lat' dir='ltr'>ati</span> 
     </span>
     <span class='ocr_line' id='line_1_20' title="bbox 92 2145 967 2220; baseline 0.001 -19"><span class='ocrx_word' id='word_1_129' title='bbox 92 2145 234 2213; x_wconf 85' lang='lat' dir='ltr'>ludaeos,</span> <span class='ocrx_word' id='word_1_130' title='bbox 254 2165 306 2220; x_wconf 89' lang='lat' dir='ltr'>per</span> <span class='ocrx_word' id='word_1_131' title='bbox 324 2147 413 2204; x_wconf 87' lang='lat' dir='ltr'>otium</span> <span class='ocrx_word' id='word_1_132' title='bbox 434 2147 556 2203; x_wconf 83' lang='lat' dir='ltr'>transiit.</span> <span class='ocrx_word' id='word_1_133' title='bbox 598 2147 677 2203; x_wconf 84' lang='lat' dir='ltr'>Proe</span> <span class='ocrx_word' id='word_1_134' title='bbox 698 2163 748 2218; x_wconf 89' lang='lat' dir='ltr'>per</span> <span class='ocrx_word' id='word_1_135' title='bbox 768 2146 884 2202; x_wconf 85' lang='lat' dir='ltr'>ltaliam</span> <span class='ocrx_word' id='word_1_136' title='bbox 906 2159 967 2217; x_wconf 82' lang='lat' dir='ltr'>per·</span> 
     </span>
     <span class='ocr_line' id='line_1_21' title="bbox 91 2243 963 2316; baseline -0.003 -16"><span class='ocrx_word' id='word_1_137' title='bbox 91 2247 132 2310; x_wconf 85' lang='lat' dir='ltr'>ta,</span> <span class='ocrx_word' id='word_1_138' title='bbox 155 2253 187 2302; x_wconf 84' lang='lat' dir='ltr'>et</span> <span class='ocrx_word' id='word_1_139' title='bbox 209 2251 348 2302; x_wconf 83' lang='lat' dir='ltr'>externae</span> <span class='ocrx_word' id='word_1_140' title='bbox 375 2261 461 2301; x_wconf 80' lang='lat' dir='ltr'>rurae</span> <span class='ocrx_word' id='word_1_141' title='bbox 481 2244 600 2301; x_wconf 84' lang='lat' dir='ltr'>rediere.</span> <span class='ocrx_word' id='word_1_142' title='bbox 644 2244 778 2316; x_wconf 82' lang='lat' dir='ltr'>Augebat</span> <span class='ocrx_word' id='word_1_143' title='bbox 799 2243 865 2304; x_wconf 85' lang='lat' dir='ltr'>ires,</span> <span class='ocrx_word' id='word_1_144' title='bbox 886 2243 963 2315; x_wconf 83' lang='lat' dir='ltr'>quorl</span> 
     </span>
     <span class='ocr_line' id='line_1_22' title="bbox 93 2339 967 2415; baseline 0 -17"><span class='ocrx_word' id='word_1_145' title='bbox 93 2347 152 2402; x_wconf 87' lang='lat' dir='ltr'>soli</span> <span class='ocrx_word' id='word_1_146' title='bbox 169 2345 271 2402; x_wconf 81' lang='lat' dir='ltr'>ludaei</span> <span class='ocrx_word' id='word_1_147' title='bbox 288 2363 344 2402; x_wconf 86' lang='lat' dir='ltr'>non</span> <span class='ocrx_word' id='word_1_148' title='bbox 356 2346 522 2402; x_wconf 75' lang='lat' dir='ltr'>cessissent.</span> <span class='ocrx_word' id='word_1_149' title='bbox 564 2339 655 2401; x_wconf 84' lang='lat' dir='ltr'>Simul</span> <span class='ocrx_word' id='word_1_150' title='bbox 667 2360 784 2402; x_wconf 87' lang='lat' dir='ltr'>manere</span> <span class='ocrx_word' id='word_1_151' title='bbox 795 2345 870 2415; x_wconf 85' lang='lat' dir='ltr'>apud</span> <span class='ocrx_word' id='word_1_152' title='bbox 885 2359 967 2399; x_wconf 83' lang='lat' dir='ltr'>exer·</span> 
     </span>
     <span class='ocr_line' id='line_1_23' title="bbox 94 2440 966 2515; baseline 0 -18"><span class='ocrx_word' id='word_1_153' title='bbox 94 2441 176 2501; x_wconf 79' lang='lat' dir='ltr'>uitus</span> <span class='ocrx_word' id='word_1_154' title='bbox 211 2443 324 2509; x_wconf 76' lang='lat' dir='ltr'>Titum,</span> <span class='ocrx_word' id='word_1_155' title='bbox 353 2445 389 2499; x_wconf 78' lang='lat' dir='ltr'>att</span> <span class='ocrx_word' id='word_1_156' title='bbox 409 2457 509 2498; x_wconf 85' lang='lat' dir='ltr'>omnes</span> <span class='ocrx_word' id='word_1_157' title='bbox 537 2441 721 2515; x_wconf 85' lang='lat' dir='ltr'>Priueiputus</span> <span class='ocrx_word' id='word_1_158' title='bbox 752 2440 822 2498; x_wconf 88' lang='lat' dir='ltr'>novi</span> <span class='ocrx_word' id='word_1_159' title='bbox 842 2446 966 2498; x_wconf 86' lang='lat' dir='ltr'>eventus</span> 
     </span>
    </p>
   </div>
   <div class='ocr_carea' id='block_1_3' title="bbox 94 2609 980 2800">
    <p class='ocr_par' dir='ltr' id='par_1_3' title="bbox 94 2609 980 2800">
     <span class='ocr_line' id='line_1_24' title="bbox 101 2609 980 2695; baseline -0.002 -13"><span class='ocrx_word' id='word_1_160' title='bbox 101 2647 105 2656; x_wconf 82' lang='lat'>¹</span> <span class='ocrx_word' id='word_1_161' title='bbox 125 2639 200 2682; x_wconf 78' lang='lat' dir='ltr'>Arrun</span> <span class='ocrx_word' id='word_1_162' title='bbox 214 2635 401 2695; x_wconf 63' lang='lat' dir='ltr'>nortmannum]</span> <span class='ocrx_word' id='word_1_163' title='bbox 432 2635 518 2681; x_wconf 84' lang='lat' dir='ltr'>Contra</span> <span class='ocrx_word' id='word_1_164' title='bbox 535 2635 626 2695; x_wconf 78' lang='lat' dir='ltr'>ioseph.</span> <span class='ocrx_word' id='word_1_165' title='bbox 641 2637 694 2681; x_wconf 80' lang='lat' dir='ltr'>Ant.</span> <span class='ocrx_word' id='word_1_166' title='bbox 707 2634 902 2693; x_wconf 62' lang='lat' dir='ltr'>rettulistis.</span> <span class='ocrx_word' id='word_1_167' title='bbox 917 2634 963 2680; x_wconf 74' lang='lat' dir='ltr'>lul.</span> <span class='ocrx_word' id='word_1_168' title='bbox 979 2609 980 2612; x_wconf 8' lang='grc' dir='ltr'><strong>Ἴ</strong></span> 
     </span>
     <span class='ocr_line' id='line_1_25' title="bbox 94 2693 965 2754; baseline -0.001 -13"><span class='ocrx_word' id='word_1_169' title='bbox 94 2693 214 2751; x_wconf 57' lang='lat' dir='ltr'>astru).</span> <span class='ocrx_word' id='word_1_170' title='bbox 225 2695 299 2745; x_wconf 82' lang='lat' dir='ltr'>docet,</span> <span class='ocrx_word' id='word_1_171' title='bbox 315 2709 361 2739; x_wconf 85' lang='lat' dir='ltr'>rem</span> <span class='ocrx_word' id='word_1_172' title='bbox 377 2694 533 2740; x_wconf 81' lang='lat' dir='ltr'>intercessione</span> <span class='ocrx_word' id='word_1_173' title='bbox 547 2693 646 2740; x_wconf 81' lang='lat' dir='ltr'>Petronii</span> <span class='ocrx_word' id='word_1_174' title='bbox 660 2707 708 2740; x_wconf 81' lang='lat' dir='ltr'>esse</span> <span class='ocrx_word' id='word_1_175' title='bbox 722 2694 865 2754; x_wconf 82' lang='lat' dir='ltr'>compositam</span> <span class='ocrx_word' id='word_1_176' title='bbox 875 2700 899 2739; x_wconf 87' lang='lat' dir='ltr'>et</span> <span class='ocrx_word' id='word_1_177' title='bbox 914 2705 965 2740; x_wconf 79' lang='lat' dir='ltr'>mox</span> 
     </span>
     <span class='ocr_line' id='line_1_26' title="bbox 96 2751 392 2800; baseline 0 -2"><span class='ocrx_word' id='word_1_178' title='bbox 96 2751 219 2800; x_wconf 84' lang='lat' dir='ltr'>Claudium</span> <span class='ocrx_word' id='word_1_179' title='bbox 229 2753 278 2798; x_wconf 81' lang='lat' dir='ltr'>uita</span> <span class='ocrx_word' id='word_1_180' title='bbox 288 2755 392 2799; x_wconf 81' lang='lat' dir='ltr'>sunctum.</span> 
     </span>
    </p>
   </div>
   <div class='ocr_carea' id='block_1_4' title="bbox 39 2821 1051 2949">
    <p class='ocr_par' dir='ltr' id='par_1_4' title="bbox 39 2821 1051 2949">
     <span class='ocr_line' id='line_1_27' title="bbox 126 2821 1051 2891; baseline -0.002 -13"><span class='ocrx_word' id='word_1_181' title='bbox 126 2833 167 2878; x_wconf 78' lang='lat' dir='ltr'>Art</span> <span class='ocrx_word' id='word_1_182' title='bbox 180 2831 290 2878; x_wconf 76' lang='lat' dir='ltr'>modicum</span> <span class='ocrx_word' id='word_1_183' title='bbox 304 2830 408 2891; x_wconf 77' lang='lat' dir='ltr'>reductis]</span> <span class='ocrx_word' id='word_1_184' title='bbox 440 2830 503 2878; x_wconf 85' lang='lat' dir='ltr'>Vnus</span> <span class='ocrx_word' id='word_1_185' title='bbox 518 2834 565 2877; x_wconf 88' lang='lat' dir='ltr'>tum</span> <span class='ocrx_word' id='word_1_186' title='bbox 583 2829 693 2888; x_wconf 84' lang='lat' dir='ltr'>Herodes,</span> <span class='ocrx_word' id='word_1_187' title='bbox 709 2831 824 2890; x_wconf 66' lang='lat' dir='ltr'>Agrippae</span> <span class='ocrx_word' id='word_1_188' title='bbox 839 2830 965 2887; x_wconf 71' lang='lat' dir='ltr'>Minister,</span> <span class='ocrx_word' id='word_1_189' title='bbox 1050 2821 1051 2826; x_wconf 33' lang='lat'>¹</span> 
     </span>
     <span class='ocr_line' id='line_1_28' title="bbox 39 2889 457 2949; baseline -0.002 -13"><span class='ocrx_word' id='word_1_190' title='bbox 39 2895 43 2900; x_wconf 88' lang='lat'>&#39;</span> <span class='ocrx_word' id='word_1_191' title='bbox 98 2903 191 2948; x_wconf 69' lang='lat' dir='ltr'>regnum</span> <span class='ocrx_word' id='word_1_192' title='bbox 202 2889 315 2936; x_wconf 82' lang='lat' dir='ltr'>Chalcidis</span> <span class='ocrx_word' id='word_1_193' title='bbox 324 2889 457 2949; x_wconf 70' lang='lat' dir='ltr'>occupabat.</span> 
     </span>
    </p>
   </div>
   <div class='ocr_carea' id='block_1_5' title="bbox 97 2967 967 3088">
    <p class='ocr_par' dir='ltr' id='par_1_5' title="bbox 97 2967 967 3088">
     <span class='ocr_line' id='line_1_29' title="bbox 127 2967 967 3072; baseline 0.001 -56"><span class='ocrx_word' id='word_1_194' title='bbox 127 2969 241 3016; x_wconf 76' lang='lat' dir='ltr'>Antonius</span> <span class='ocrx_word' id='word_1_195' title='bbox 256 2969 332 3072; x_wconf 54' lang='lat' dir='ltr'>urus]</span> <span class='ocrx_word' id='word_1_196' title='bbox 363 2969 471 3015; x_wconf 83' lang='lat' dir='ltr'>Pallantis</span> <span class='ocrx_word' id='word_1_197' title='bbox 494 2969 570 3023; x_wconf 82' lang='lat' dir='ltr'>trater,</span> <span class='ocrx_word' id='word_1_198' title='bbox 591 2969 680 3015; x_wconf 83' lang='lat' dir='ltr'>Claudii</span> <span class='ocrx_word' id='word_1_199' title='bbox 701 2967 784 3026; x_wconf 87' lang='lat' dir='ltr'>liberti,</span> <span class='ocrx_word' id='word_1_200' title='bbox 801 2969 866 3017; x_wconf 87' lang='lat' dir='ltr'>trium</span> <span class='ocrx_word' id='word_1_201' title='bbox 881 2970 967 3030; x_wconf 79' lang='lat' dir='ltr'>regim·</span> 
     </span>
     <span class='ocr_line' id='line_1_30' title="bbox 97 3027 706 3088; baseline 0.002 -14"><span class='ocrx_word' id='word_1_202' title='bbox 97 3041 147 3074; x_wconf 85' lang='lat' dir='ltr'>rum</span> <span class='ocrx_word' id='word_1_203' title='bbox 158 3027 255 3073; x_wconf 78' lang='lat' dir='ltr'>meritur.</span> <span class='ocrx_word' id='word_1_204' title='bbox 289 3027 318 3073; x_wconf 84' lang='lat' dir='ltr'>vi</span> <span class='ocrx_word' id='word_1_205' title='bbox 336 3028 444 3074; x_wconf 66' lang='lat' dir='ltr'>..Stemma</span> <span class='ocrx_word' id='word_1_206' title='bbox 454 3028 570 3074; x_wconf 62' lang='lat' dir='ltr'>Haedum</span> <span class='ocrx_word' id='word_1_207' title='bbox 576 3045 586 3084; x_wconf 92' lang='lat'>,·</span> <span class='ocrx_word' id='word_1_208' title='bbox 600 3034 624 3074; x_wconf 87' lang='lat' dir='ltr'>ut</span> <span class='ocrx_word' id='word_1_209' title='bbox 633 3043 706 3088; x_wconf 84' lang='lat' dir='ltr'>snpra.</span> 
     </span>
    </p>
   </div>
   <div class='ocr_carea' id='block_1_6' title="bbox 99 3099 966 3225">
    <p class='ocr_par' dir='ltr' id='par_1_6' title="bbox 99 3099 966 3225">
     <span class='ocr_line' id='line_1_31' title="bbox 129 3099 966 3174; baseline -0.001 -21"><span class='ocrx_word' id='word_1_210' title='bbox 129 3105 246 3174; x_wconf 75' lang='lat' dir='ltr'>Drusilla]</span> <span class='ocrx_word' id='word_1_211' title='bbox 278 3105 330 3153; x_wconf 77' lang='lat' dir='ltr'>Atta</span> <span class='ocrx_word' id='word_1_212' title='bbox 339 3107 382 3152; x_wconf 80' lang='lat' dir='ltr'>tuit</span> <span class='ocrx_word' id='word_1_213' title='bbox 396 3099 502 3162; x_wconf 76' lang='lat' dir='ltr'>Drusilla,</span> <span class='ocrx_word' id='word_1_214' title='bbox 516 3107 629 3170; x_wconf 74' lang='lat' dir='ltr'>Agrippae</span> <span class='ocrx_word' id='word_1_215' title='bbox 645 3107 674 3154; x_wconf 91' lang='lat' dir='ltr'>tt.</span> <span class='ocrx_word' id='word_1_216' title='bbox 689 3121 759 3163; x_wconf 87' lang='lat' dir='ltr'>soror,</span> <span class='ocrx_word' id='word_1_217' title='bbox 770 3106 804 3153; x_wconf 88' lang='lat' dir='ltr'>cui</span> <span class='ocrx_word' id='word_1_218' title='bbox 815 3115 891 3166; x_wconf 86' lang='lat' dir='ltr'>postea</span> <span class='ocrx_word' id='word_1_219' title='bbox 901 3105 966 3152; x_wconf 81' lang='lat' dir='ltr'>Felix</span> 
     </span>
     <span class='ocr_line' id='line_1_32' title="bbox 99 3165 510 3225; baseline 0 -14"><span class='ocrx_word' id='word_1_220' title='bbox 99 3165 178 3225; x_wconf 77' lang='lat' dir='ltr'>nupsit.</span> <span class='ocrx_word' id='word_1_221' title='bbox 212 3165 272 3211; x_wconf 83' lang='lat' dir='ltr'>Vide</span> <span class='ocrx_word' id='word_1_222' title='bbox 280 3165 375 3212; x_wconf 79' lang='lat' dir='ltr'>Stemma</span> <span class='ocrx_word' id='word_1_223' title='bbox 384 3165 510 3212; x_wconf 80' lang='lat' dir='ltr'>Heredum.</span> 
     </span>
    </p>
   </div>
   <div class='ocr_carea' id='block_1_7' title="bbox 98 3241 1048 3482">
    <p class='ocr_par' dir='ltr' id='par_1_7' title="bbox 98 3241 1048 3482">
     <span class='ocr_line' id='line_1_33' title="bbox 112 3241 966 3304; baseline -0.001 -14"><span class='ocrx_word' id='word_1_224' title='bbox 112 3243 228 3290; x_wconf 80' lang='lat' dir='ltr'>&#39;Cestium</span> <span class='ocrx_word' id='word_1_225' title='bbox 248 3243 351 3304; x_wconf 79' lang='lat' dir='ltr'>Cultum]</span> <span class='ocrx_word' id='word_1_226' title='bbox 384 3245 445 3290; x_wconf 86' lang='lat' dir='ltr'>idem</span> <span class='ocrx_word' id='word_1_227' title='bbox 471 3243 577 3290; x_wconf 81' lang='lat' dir='ltr'>Suetonio</span> <span class='ocrx_word' id='word_1_228' title='bbox 596 3248 699 3290; x_wconf 86' lang='lat' dir='ltr'>narratur</span> <span class='ocrx_word' id='word_1_229' title='bbox 718 3243 811 3303; x_wconf 77' lang='lat' dir='ltr'>vespas.</span> <span class='ocrx_word' id='word_1_230' title='bbox 832 3247 852 3288; x_wconf 85' lang='lat' dir='ltr'>t.</span> <span class='ocrx_word' id='word_1_231' title='bbox 884 3241 966 3290; x_wconf 69' lang='lat' dir='ltr'>rueres</span> 
     </span>
     <span class='ocr_line' id='line_1_34' title="bbox 98 3301 1048 3362; baseline -0.002 -14"><span class='ocrx_word' id='word_1_232' title='bbox 98 3303 243 3350; x_wconf 78' lang='lat' dir='ltr'>rebellarunt.</span> <span class='ocrx_word' id='word_1_233' title='bbox 253 3317 351 3362; x_wconf 78' lang='lat' dir='ltr'>cursuque</span> <span class='ocrx_word' id='word_1_234' title='bbox 362 3302 496 3358; x_wconf 78' lang='lat' dir='ltr'>Praeposito,</span> <span class='ocrx_word' id='word_1_235' title='bbox 505 3303 612 3359; x_wconf 80' lang='lat' dir='ltr'>Legatum</span> <span class='ocrx_word' id='word_1_236' title='bbox 622 3303 714 3357; x_wconf 73' lang='lat' dir='ltr'>insuper</span> <span class='ocrx_word' id='word_1_237' title='bbox 723 3301 800 3358; x_wconf 72' lang='lat' dir='ltr'>Syriae</span> <span class='ocrx_word' id='word_1_238' title='bbox 811 3301 964 3354; x_wconf 70' lang='lat' dir='ltr'>Consularem,</span> <span class='ocrx_word' id='word_1_239' title='bbox 1047 3313 1048 3324; x_wconf 59' lang='lat'>³</span> 
     </span>
     <span class='ocr_line' id='line_1_35' title="bbox 99 3351 1048 3430; baseline -0.003 -23"><span class='ocrx_word' id='word_1_240' title='bbox 99 3362 207 3418; x_wconf 72' lang='lat' dir='ltr'>nippetius</span> <span class='ocrx_word' id='word_1_241' title='bbox 214 3361 334 3417; x_wconf 79' lang='lat' dir='ltr'>serentem,</span> <span class='ocrx_word' id='word_1_242' title='bbox 345 3366 407 3416; x_wconf 79' lang='lat' dir='ltr'>rupta</span> <span class='ocrx_word' id='word_1_243' title='bbox 422 3362 631 3420; x_wconf 79' lang='lat' dir='ltr'>equitusugurunt.</span> <span class='ocrx_word' id='word_1_244' title='bbox 666 3362 689 3405; x_wconf 91' lang='lat' dir='ltr'>tn</span> <span class='ocrx_word' id='word_1_245' title='bbox 708 3361 800 3420; x_wconf 83' lang='lat' dir='ltr'>losepho</span> <span class='ocrx_word' id='word_1_246' title='bbox 809 3360 864 3406; x_wconf 86' lang='lat' dir='ltr'>haee</span> <span class='ocrx_word' id='word_1_247' title='bbox 874 3360 928 3420; x_wconf 86' lang='lat' dir='ltr'>ipsa,</span> <span class='ocrx_word' id='word_1_248' title='bbox 941 3365 966 3404; x_wconf 86' lang='lat' dir='ltr'>et</span> <span class='ocrx_word' id='word_1_249' title='bbox 1045 3351 1048 3430; x_wconf 34' lang='grc' dir='ltr'><em>ᾖ</em></span> 
     </span>
     <span class='ocr_line' id='line_1_36' title="bbox 100 3419 728 3482; baseline -0.003 -16"><span class='ocrx_word' id='word_1_250' title='bbox 100 3420 166 3482; x_wconf 83' lang='lat' dir='ltr'>plane</span> <span class='ocrx_word' id='word_1_251' title='bbox 175 3419 250 3466; x_wconf 85' lang='lat' dir='ltr'>omnia</span> <span class='ocrx_word' id='word_1_252' title='bbox 260 3420 311 3466; x_wconf 86' lang='lat' dir='ltr'>vide</span> <span class='ocrx_word' id='word_1_253' title='bbox 322 3424 350 3468; x_wconf 80' lang='grc' dir='ltr'>Α.</span> <span class='ocrx_word' id='word_1_254' title='bbox 361 3422 398 3478; x_wconf 83' lang='lat'>20,</span> <span class='ocrx_word' id='word_1_255' title='bbox 408 3423 422 3466; x_wconf 87' lang='grc'><strong>9</strong></span> <span class='ocrx_word' id='word_1_256' title='bbox 432 3420 489 3478; x_wconf 74' lang='lat' dir='ltr'>(tt).</span> <span class='ocrx_word' id='word_1_257' title='bbox 501 3420 527 3465; x_wconf 87' lang='lat' dir='ltr'>B.</span> <span class='ocrx_word' id='word_1_258' title='bbox 540 3419 587 3466; x_wconf 87' lang='lat' dir='ltr'>tud.</span> <span class='ocrx_word' id='word_1_259' title='bbox 599 3421 620 3476; x_wconf 89' lang='lat'>2,</span> <span class='ocrx_word' id='word_1_260' title='bbox 630 3421 660 3464; x_wconf 80' lang='lat'>2³</span> <span class='ocrx_word' id='word_1_261' title='bbox 671 3420 728 3477; x_wconf 83' lang='lat'>(18).</span> 
     </span>
    </p>
   </div>
   <div class='ocr_carea' id='block_1_8' title="bbox 0 0 1069 3830">
    <p class='ocr_par' dir='ltr' id='par_1_8' title="bbox 0 0 1069 3830">
     <span class='ocr_line' id='line_1_37' title="bbox 0 0 1069 3830; baseline 0 0"><span class='ocrx_word' id='word_1_262' title='bbox 0 0 1069 3830; x_wconf 95' lang='lat' dir='ltr'> </span> 
     </span>
    </p>
   </div>
  </div>
 </body>
</html>
