2114 3830
77 161 162 211 uc.
183 165 229 210 rr.
324 141 778 211 nra.r.·csr.19.—22.
895 141 964 208 421

76 320 182 384 ‘tunm
200 321 238 374 et
251 316 376 389 pturibus
398 316 509 378 nuntiis
529 317 586 374 huc
600 315 670 373 ittuc
695 319 868 381 cursantem,
884 331 969 388 posse

77 416 216 472 ‘medio
243 413 397 486 intercipi!
439 415 550 486 Quibus
568 417 749 472 obvenerant
764 419 859 470 castra
882 415 968 470 decu·

78 529 263 578 manorum,
276 513 520 587 oppugnationem
532 513 655 586 legionis
666 515 783 570 arduam
796 513 859 576 rati,
873 529 967 585 egres·

77 629 150 668 sum
176 612 318 675 mititem,
342 619 370 668 et
394 613 552 669 caedendis
575 611 702 670 materiis
725 618 883 684 operatum,
898 617 967 668 tur·

77 710 221 776 bevere,
234 712 334 767 occiso
349 711 500 767 Praefecto
524 716 681 766 castrorum
709 716 738 766 et
763 710 888 783 quinque
913 702 967 780 pri·

77 809 228 866 moribus
256 809 466 866 centurionum
492 809 648 882 paucisque
672 807 823 866 mititibus.
865 805 965 864 Ceteri

79 923 115 962 se
133 907 335 964 munimentis
352 908 517 964 defendere.
557 907 597 963 Et
618 907 735 964 interim
756 907 966 964 Germanorum

78 1022 200 1062 manus
218 1006 395 1063 Batavoduri
418 1024 548 1078 rumpere
569 1005 737 1064 inchoatum
760 1012 879 1078 pontem
894 1005 967 1062 nite·

79 1105 212 1160 bantur.
270 1105 446 1178 Ambiguum
477 1105 616 1177 proelium
644 1123 701 1162 nox
730 1105 854 1162 diremit.
897 1084 1014 1162 Pius2¹

81 1203 277 1260 discriminis
292 1205 367 1274 apud
382 1204 510 1260 Grinnes
530 1205 711 1277 vadumque.
753 1205 870 1262 Vadam
885 1203 966 1261 Civi-

81 1301 135 1364 iis,
152 1303 291 1358 Grinnes
305 1303 461 1368 Classicus,
484 1304 698 1376 oppugnabant.
721 1321 776 1360 nec
800 1303 865 1360 sisti
887 1310 965 1375 pote·

81 1407 166 1465 rant,
184 1401 340 1458 interfecto
362 1400 517 1456 fortissimo
530 1418 658 1474 quoque:
680 1401 711 1457 in
736 1401 798 1474 quis
820 1400 964 1474 Briganti-

83 1515 153 1566 cus,
166 1499 341 1556 Praefectus
354 1503 428 1566 atae‚
438 1499 600 1567 ceciderat;
624 1517 708 1574 quem
722 1501 809 1556 fidum
824 1499 965 1557 Romanis

84 1602 119 1654 et
158 1597 267 1663 Civili,
288 1599 442 1664 avunculo,
463 1597 607 1654 infensum
629 1598 765 1656 diximus.
807 1599 876 1665 Sed,
913 1597 964 1654 ubi

85 1695 225 1752 Cerialis
238 1713 304 1752 curn
316 1697 431 1752 detecta
444 1695 572 1767 equitnm
598 1713 684 1756 msuu
706 1697 852 1762 subvenit,
876 1711 962 1752 versa

83 1793 220 1861 fortuna,
244 1795 418 1868 praecipites
453 1793 593 1852 Germani
621 1796 652 1852 in
686 1809 801 1852 amnem
828 1798 960 1868 aguntur.

86 1893 215 1951 Civilis.
240 1896 308 1950 dnm
332 1895 477 1968 fugientes
502 1901 635 1964 retentat,
658 1895 773 1968 agnitus
799 1894 962 1968 petitusque

85 1993 173 2056 tetis,
188 1993 292 2048 relicto
304 2011 388 2066 equo,
403 1994 572 2050 tranatavit.
586 1993 663 2050 idem
675 1993 800 2050 Veracis
813 1993 959 2066 effugium.

88 2089 240 2148 'l'utorem
256 2091 474 2166 Classicumque
489 2093 625 2163 adpulsae
640 2091 740 2148 tintres
754 2109 870 2148 vexere.
912 2091 939 2146 N
943 2107 960 2148 e

90 2193 157 2246 tum
171 2191 287 2261 quidem
310 2190 441 2248 Romana
455 2191 557 2248 classis
569 2207 680 2263 pugnae
694 2188 794 2254 adfuit,
809 2195 839 2246 ut
853 2189 961 2245 iussum

88 2295 165 2344 erat.
188 2289 239 2344 sed
260 2289 372 2346 obstitit
386 2289 507 2346 formido
520 2296 550 2346 et
565 2288 687 2360 remiges
701 2305 752 2360 per
765 2288 823 2344 atia
838 2287 960 2344 miiitiae

86 2386 195 2444 munia
228 2387 359 2459 dispersi.
422 2389 500 2444 Sane
530 2387 653 2444 Cerialis
692 2403 790 2458 parum
823 2384 962 2452 temporis

88 2485 128 2540 ad
163 2487 349 2557 exsequenda
382 2485 503 2558 imperia
538 2487 641 2542 dabat:
676 2485 786 2541 subitus
819 2483 960 2549 consitiis,

88 2585 146 2639 sed
166 2591 274 2640 eventu
289 2586 391 2640 ctarus.
436 2583 547 2641 Aderat
568 2585 690 2648 fortuna,
705 2584 792 2640 etiarn
814 2584 865 2640 ubi
884 2588 961 2638 artes

89 2681 260 2739 defuissent.
282 2683 352 2738 trino
375 2681 431 2754 ipsi
454 2682 655 2754 exercituique
678 2683 773 2738 minor
791 2680 960 2738 curadisci·

89 2780 201 2852 piinae.
243 2781 282 2838 ut
306 2797 413 2853 paucos
428 2786 491 2853 post
512 2781 584 2846 dies,
608 2797 779 2854 quamquam
801 2761 1013 2853 perioutunr22

92 2877 279 2951 captivitatis
298 2879 450 2946 evasisset,
471 2880 619 2938 infamiam
649 2897 706 2936 non
735 2879 850 2940 vitavit.
893 2880 960 2937 Pro-

89 2976 185 3034 fectus
200 2978 361 3036 Novesium
377 2979 566 3053 Bonnamque
580 2980 617 3035 ad
633 2979 755 3036 visenda
767 2984 872 3045 castra,
886 2995 959 3052 quae

93 3073 262 3140 hiematuris
277 3076 438 3150 legionibus
451 3078 643 3151 erigebantur,
658 3077 780 3134 navibus
796 3079 957 3134 remeabat:

93 3174 221 3232 disiecto
244 3175 370 3248 agmine,
383 3175 536 3234 incuriosis
552 3175 670 3249 vigitiis.
713 3176 958 3233 Animadversum

93 3271 125 3330 id
147 3273 324 3332 Germanis:
345 3280 375 3331 et
401 3273 522 3332 iusidias
548 3291 744 3346 composuere.
775 3277 870 3332 eiecta
898 3291 958 3332 nox

124 3427 222 3476 Disiecta
240 3427 338 3487 agroino]
370 3427 426 3474 Cum
451 3427 498 3476 atio
523 3428 573 3474 loco
592 3427 675 3480 elassis,
700 3427 746 3474 alio
763 3432 837 3475 carba
861 3425 960 3476 militum

94 3487 194 3536 terrestri
204 3485 292 3544 itinere,
302 3485 415 3534 Cedalesa
423 3491 616 3549 prosequerenbar.
647 3485 708 3540 um.

996 3641 1040 3774 d
