2158 3820
42 205 99 278 ’38
412 225 599 276 auuaurvu
776 227 807 276 a.
822 225 853 276 v.
870 227 925 280 are.

47 393 132 448 ‘mes
145 379 272 445 enituit?
284 381 403 442 Vbiest
414 383 528 442 animus
539 380 732 450 aremoricis
743 379 924 442 contentus?

47 491 57 522 ‘
69 487 162 546 Tales
175 485 274 544 hortos
288 483 413 551 instruit,
427 487 457 540 et
471 500 523 558 per
533 483 607 542 haee
621 483 785 543 suburbana
798 480 923 550 insedit,

45 591 57 621 ‘
65 591 96 646 et
110 585 199 644 tantis
213 601 345 662 agrorum
358 582 470 658 spatiis,
489 588 549 640 tum
563 584 623 640 tato
642 582 742 640 tenore
756 577 922 640 exuberat?

46 687 138 746 ‘Vnn
146 685 278 744 defensio
287 683 423 749 ooeurrit,
431 684 507 759 quod
519 677 684 748 muneribus
695 680 853 740 tuisobniti
861 697 922 740 non

0 779 162 846 4‘debui.
204 785 264 844 Sed
288 789 408 860 uterque
431 799 596 842 mensurum
610 781 807 855 implevimus,
827 788 858 838 et
877 785 920 860 tu,

46 891 204 962 ‘quantum
229 884 372 959 Prtneeps
399 883 525 946 tribuere
552 883 648 942 amieo
675 888 783 958 posset,
803 887 833 943 et
853 897 919 958 ego,

47 991 206 1062 ‘quantum
216 984 331 1044 emieus
346 1001 364 1040 a
384 981 524 1058 Principe
537 982 683 1056 accipere.
723 982 831 1042 Cetera
845 980 922 1040 iuvi·

26 1157 28 1166 s
46 1086 147 1150 ‘diam
160 1091 277 1160 augent
298 1101 372 1160 quae
385 1084 512 1160 quidem,
522 1091 555 1142 ut
568 1085 666 1142 omnia
687 1083 831 1153 mortalia,
846 1082 924 1142 intra

47 1190 147 1246 ‘tuam
172 1183 404 1262 magnitudinem
428 1183 545 1254 iaeent3
565 1185 617 1242 sed
640 1181 713 1242 mitri
726 1183 922 1244 inoumbunt:

48 1286 139 1346 ‘mihi
152 1284 386 1346 subveniendum
397 1290 451 1342 est.
469 1285 613 1359 quomodo
626 1283 657 1342 in
673 1283 788 1350 militia,
801 1283 925 1352 antris,

48 1386 159 1444 ‘tessus
182 1382 396 1444 utiminioutum
418 1400 551 1455 orarem3
585 1385 637 1450 ita,
664 1383 696 1442 in
724 1385 781 1442 boo
813 1382 923 1442 itinere

48 1491 58 1520 ‘
73 1485 164 1554 uitae,
176 1502 280 1552 senex,
293 1488 325 1542 et
339 1483 496 1542 levissimis
516 1500 629 1560 quoque
648 1485 727 1544 euris
740 1483 834 1568 inpar,
854 1501 923 1544 eum

48 1591 140 1660 ‘opes
153 1602 233 1644 mess
254 1585 328 1642 uttre
352 1583 496 1642 sustinere
520 1601 579 1642 non
605 1583 722 1658 possim,
746 1584 923 1658 praesidium

47 1690 146 1760 ‘peto
188 1685 260 1745 tube
274 1701 325 1742 eas
340 1701 390 1757 per
412 1683 617 1742 Procuratores
631 1689 697 1742 tuos
706 1685 925 1756 administrari,

49 1785 101 1844 ‘in
116 1791 196 1842 tuam
219 1785 362 1842 somonam
388 1783 488 1856 reeipi.
529 1783 596 1842 Nee
617 1801 663 1842 me
677 1783 708 1842 in
724 1790 925 1858 paupertatem

51 1883 133 1960 ‘ipse
147 1884 300 1942 detrudam
306 1901 319 1959 3
339 1883 391 1941 sed
418 1882 542 1954 traditis,
565 1901 685 1959 quorum
709 1884 821 1960 fulgore
844 1901 926 1960 prae·

51 1983 205 2059 ‘stringen
217 1984 295 2058 quod
309 1983 447 2058 temporis
461 1984 607 2042 hortorum
621 1989 671 2042 aut
686 1983 822 2042 vittarum
835 2001 924 2044 eurae

40 2071 229 2157 '‘seponitun
262 2082 294 2140 in
327 2082 457 2141 animum
491 2085 645 2142 revocabo
697 2085 838 2159 Superest
870 2083 926 2144 tibi

52 2185 167 2250 ‘robur‚
193 2187 224 2239 et
249 2186 291 2240 tot
320 2200 371 2255 per
395 2199 487 2240 annue
512 2183 615 2242 nixum
636 2167 753 2260 fastigio
772 2185 926 2260 regimen:

51 2291 61 2319 ‘
73 2300 224 2359 possumus
248 2281 378 2340 seniores
402 2282 492 2348 euripi
513 2283 607 2358 quieti
630 2285 815 2358 respondere.
857 2287 925 2346 Hoe

53 2387 186 2460 ‘quoque
199 2381 231 2441 in
246 2385 325 2440 tuam
340 2381 462 2456 gloriam
481 2383 576 2452 cedet,
596 2399 648 2441 eos
669 2384 714 2476 aq
729 2401 842 2444 summo
856 2403 927 2444 vex-

8 2481 131 2557 5‘isee
145 2483 194 2558 qui
219 2488 250 2539 et
264 2481 380 2542 modies
404 2481 580 2543 tolerarent!
622 2484 672 2544 Au
686 2473 760 2559 quei
781 2485 864 2544 Nero
883 2485 929 2545 aie
1016 2535 1021 2540 .

39 2559 145 2642 *terme
154 2583 318 2656 respondit:
334 2586 342 2614 ‘
355 2581 439 2654 Quod
452 2580 609 2640 meditatae
620 2582 745 2642 orationi
754 2588 821 2642 tuae
829 2585 930 2644 statim

55 2686 236 2751 ‘occurram
249 2681 280 2738 id
295 2680 417 2754 primum
431 2681 473 2738 tui
487 2681 614 2740 muueris
628 2682 734 2753 habeo,
747 2685 797 2760 qui
810 2701 857 2742 me
868 2703 930 2746 nou

57 2785 190 2840 ‘tantum
224 2779 368 2855 praevisa,
400 2779 452 2836 sed
485 2779 581 2839 subita
613 2782 753 2856 expedire
792 2784 930 2844 dosuisti.

58 2881 204 2941 ‘Abavus
229 2897 318 2945 meus,
345 2877 502 2952 Augustus,
532 2879 682 2956 Agrippae
702 2887 734 2940 et
757 2881 931 2944 Maeeenati

60 2984 216 3055 ‘usurpare
239 2979 331 3038 otium
357 2983 422 3054 post
448 2981 561 3038 iabores
588 2981 755 3042 eoueeseitr
774 2984 827 3040 sed
841 2983 931 3042 in‘ea

60 3079 145 3155 ‘ipsa
157 3083 264 3147 aetate,
283 3079 367 3138 euius
380 3079 536 3138 auctoritas
557 3085 693 3152 tueretur,
705 3082 843 3160 quidquid
857 3083 933 3145 iilud

66 3183 118 3238 ‘et
141 3179 350 3254 qualecumque
373 3178 534 3238 tribuisset:
556 3185 686 3242 attamen
710 3189 844 3242 neutrum
857 3185 935 3245 detis

63 3282 147 3337 ‘ase
162 3278 296 3353 praemiis
310 3277 403 3336 exuit.
444 3277 531 3335 Betto
543 3284 574 3336 et
588 3280 725 3353 perieulis
744 3290 910 3344 meruerant
924 3305 932 3344 ε

62 3377 116 3436 ‘in
127 3376 173 3436 his
186 3378 265 3450 enim
278 3377 399 3434 iuventa
415 3375 540 3450 Augusti
556 3383 672 3442 versate
685 3387 740 3440 est.
780 3383 850 3446 Nee
860 3385 936 3444 mitri

64 3479 147 3538 ‘tela
156 3481 186 3538 et
199 3493 301 3538 manus
314 3479 381 3536 tuae
393 3473 562 3547 defuissent,
574 3475 606 3536 io
619 3480 708 3540 ermis
720 3478 830 3558 agenti.
871 3483 934 3544 Sed
