2100 3834
92 191 166 260 334
397 210 648 262 rrrsronrnxru
815 213 847 258 s.
862 210 892 259 v.
908 211 958 260 ars.

93 365 347 438 exspectabantur.
389 365 461 423 'lali
495 381 587 422 rerum
615 369 702 428 statu,
721 381 789 422 cum
816 363 960 420 discordia

93 463 171 520 inter
182 471 285 536 patres,
306 463 348 520 ira
362 465 436 535 apurl
453 464 558 529 victos,
578 465 656 519 nulla
670 463 701 518 in
719 462 878 520 victoribus
892 479 958 518 auc·

93 563 204 627 toritas,
229 581 286 618 non
302 549 389 636 leges,
410 579 466 618 non
493 562 632 632 Princeps
647 561 677 617 in
703 561 828 617 civitate
850 564 958 626 essent,

93 659 259 726 Mucianus,
274 663 371 718 urbem
387 661 540 734 ingressus,
553 664 659 715 cuncta
673 659 758 715 simul
774 660 848 714 inse
861 659 956 714 traxit.

93 755 184 816 tracta
199 759 288 815 Primi
316 759 439 816 Antonii
456 757 583 830 Varique
614 757 692 814 Arrii
720 757 862 829 potentia,
884 758 957 812 male

93 855 274 914 dissimulata
288 855 318 913 in
343 873 392 912 eos
418 855 547 912 Muciani
565 855 725 920 iracundia,
746 854 882 928 quamvis
897 855 955 910 vul·

93 963 125 1016 lu
139 966 290 1034 tegeretur.
332 959 391 1015 Sed
417 958 533 1024 civitas,
555 957 692 1014 rimandis
713 955 832 1013 offensis
860 973 954 1029 sagax,

94 1063 221 1114 verterat
235 1074 266 1112 se
278 1059 525 1132 transtuleratque.
568 1058 622 1114 llle
650 1073 722 1112 unus
750 1053 866 1120 ambiri,
892 1054 954 1110 coli.

93 1171 150 1212 nec
164 1156 262 1210 deerat
278 1156 358 1226 ipse:
379 1155 500 1226 stipatus
528 1155 655 1219 armatis,
676 1155 776 1210 domos
804 1155 955 1226 hortosque

93 1259 267 1326 permutans,
287 1254 435 1324 adparatu,
455 1251 577 1320 incessu,
601 1252 742 1318 excubiis,
759 1252 820 1307 vim
852 1250 955 1308 Princi-

93 1350 137 1426 pis
152 1351 299 1424 amplecti,
328 1369 432 1408 nomen
458 1351 613 1408 remittere.
658 1350 818 1407 Plurimum
848 1349 956 1406 terroris

93 1450 191 1508 intulit
216 1451 322 1508 cassies
349 1450 501 1521 Calpurnii
528 1448 690 1506 Galeriani.
745 1450 773 1504 ls
801 1449 858 1504 luit
885 1449 953 1504 lilios

95 1549 132 1609 G.
144 1549 266 1616 Pisonis,
281 1549 353 1606 nibil
368 1565 452 1604 ausus
466 1569 472 1601 ι
488 1549 538 1602 setl
550 1564 654 1604 nomen
669 1547 794 1619 insigne,
805 1551 837 1602 et
851 1548 950 1603 decora

95 1648 151 1724 ipsi
163 1649 293 1712 iuventa,
304 1664 415 1703 rumore
431 1646 509 1718 vulgi
522 1647 760 1700 celebrabantur:
776 1652 915 1718 erantque
927 1645 956 1700 iu

95 1746 219 1804 civitate
249 1746 344 1802 adhuc
359 1743 480 1810 turbida,
504 1750 534 1800 et
557 1743 641 1800 novis
666 1743 848 1818 sermonibus
878 1746 957 1808 laeta,

96 1844 145 1917 qui
183 1843 368 1916 Principatus
396 1843 514 1898 inanem
541 1843 568 1898 ei
593 1841 699 1897 lamam
734 1841 955 1898 circumdarent.

93 1941 178 1998 Iussu
200 1939 332 1996 Muciani
358 1940 488 2008 custodia
505 1939 623 1996 militari
652 1939 775 2004 cinctus,
798 1958 836 1995 ne
851 1941 883 1996 in
896 1939 956 2010 ipsa

93 2040 163 2096 urbe
177 2024 362 2110 conspectior
389 2055 462 2094 mors
477 2038 559 2104 soret,
587 2038 622 2092 ad
647 2037 897 2110 quadragesimum
918 2039 953 2093 ab

93 2139 164 2194 urbe
179 2137 316 2210 lapidem,
332 2137 379 2193 via
399 2137 504 2208 Appia,
532 2135 594 2191 tuso
621 2153 672 2207 per
694 2152 785 2190 venas
810 2137 959 2210 sanguine,

94 2236 296 2312 exstinguitur.
360 2234 449 2291 lulius
483 2233 608 2299 Priscus,
650 2233 874 2301 Praetoriarum,
907 2233 957 2288 sub

94 2335 220 2392 Vitellio
261 2333 422 2390 cohortium
451 2332 625 2398 Praefectus,
646 2349 677 2386 se
706 2332 768 2402 ipse
799 2333 957 2398 interiecit,

94 2435 202 2508 pudore
224 2434 325 2506 magis,
345 2448 430 2504 quarn
455 2430 638 2486 necessitate.
680 2430 835 2501 Alphenus
865 2429 957 2486 Varus

93 2533 236 2605 ignaviae
248 2530 440 2603 infamiaeque
451 2546 519 2584 suae
528 2527 676 2598 superfuit.
719 2525 871 2585 Asiaticus
881 2529 959 2586 enim

94 2625 133 2710 (is
148 2626 281 2706 libertus)
301 2631 406 2685 malam
433 2626 593 2699 potentiam
608 2625 710 2682 servili
735 2625 883 2699 supplicio
910 2643 959 2684 ex-

95 2727 196 2800 piavit.

43 2841 85 2900 12
136 2825 243 2880 lisdem
267 2823 369 2882 diebus
390 2825 621 2880 crebrescentem
648 2821 740 2879 cladis
762 2821 959 2882 Germanicae

94 2923 209 2985 lamam,
231 2940 409 2995 nequaquam
424 2930 534 2978 moesta
547 2901 653 2979 civitas
679 2919 857 2992 excipiebat.
880 2929 959 2980 ‘cac-

95 3025 161 3078 ‘sos
181 3021 338 3083 exercitus,
358 3028 444 3091 capta
469 3021 615 3093 legionum
639 3019 769 3084 hiberna,
793 3019 955 3078 descivisse

94 3119 247 3182 ‘Gallias'
268 3136 325 3174 non
342 3127 372 3172 ut
386 3121 475 3174 mala·
486 3121 683 3191 loquebantur.
726 3117 759 3174 ld
776 3119 885 3176 bellum
899 3119 958 3194 qui-

95 3217 148 3273 bus
161 3217 271 3272 caussis
299 3219 522 3288 ortum,quanto
545 3217 730 3272 externarum
758 3216 958 3292 sociarumque

91 3386 158 3430 semel
169 3385 271 3444 cupidine
280 3383 398 3430 ulciscendi
413 3384 498 3444 animis,
509 3385 542 3433 illi
557 3387 670 3446 Senatorii
679 3393 703 3434 et
712 3387 820 3449 illustres,
830 3391 921 3440 Priscus
934 3396 957 3440 rt

92 3441 225 3488 Marcellus.
256 3441 318 3496 laps.
