2114 3830
87 163 159 232 ³74
409 183 662 232 nusuoaraarrr
807 183 834 229 u
851 180 878 227 v.
892 180 954 229 uae.

85 335 214 394 sarcinas
242 339 428 404 retentarent,
448 351 485 394 ac
511 336 560 411 qui
590 336 668 410 ipsos
701 337 785 392 leves
811 336 953 392 abeuntes

85 440 333 510 prosequerentur.
388 434 436 492 Ad
461 433 593 508 quintam
619 435 680 492 tere
706 433 835 508 lapidem
859 429 956 488 coorti

87 535 229 594 Germani
241 533 390 592 incautum
410 549 515 608 agmen
541 533 754 606 adgrediuntur.
796 527 956 604 Pugnacis-

88 633 177 692 simus
203 633 322 708 quisque
349 632 380 690 in
414 630 550 706 vestigio,
583 631 666 688 mulli
693 633 836 704 palantes,
867 643 954 685 occu·

88 733 193 790 buere:
215 730 306 790 ceteri
329 737 405 788 retro
430 731 463 788 iu
489 736 584 788 castra
610 729 795 804 profugiuu13
814 733 952 801 querente

88 848 159 890 saue
174 830 273 890 Ciuile
283 837 314 887 et
325 831 496 904 increpante
507 829 679 895 Germanos,
693 833 856 901 ‘tamquam
867 827 949 882 fidem

88 931 264 1002 ‘perscelua
284 925 505 1001 abrumperent?
546 927 690 984 Simulata
715 943 752 982 aa
777 925 948 990 fuerintne
1040 937 1041 944 ¹

88 1027 213 1086 retinere
247 1027 414 1084 saevientes
448 1025 621 1100 nequiverit,
655 1041 755 1098 param
779 1025 947 1082 adfirmatur.

89 1125 219 1198 Direptis
245 1125 355 1191 castris,
389 1124 480 1196 laces,
495 1123 648 1182 iniiciunt:
682 1129 871 1197 cunctosque,
902 1120 948 1196 qui
1040 1123 1041 1160 Ὗ

35 1223 72 1278 61
89 1223 200 1297 proelio
230 1223 440 1295 superfuerant,
472 1221 641 1280 incendium
668 1221 773 1278 bausit.
836 1221 947 1286 Civilis,
1040 1291 1041 1308 Χ

88 1323 207 1378 barbaro
222 1327 301 1388 voto,
322 1329 386 1394 post
399 1328 505 1394 coepta
531 1322 671 1378 adversus
692 1321 841 1378 Romanas
864 1334 946 1385 arasa,
1040 1309 1041 1322 ¹

89 1437 247 1494 propexum
262 1421 464 1494 rutilatumque
478 1419 601 1486 crinem,
622 1425 735 1492 patrata
748 1421 866 1476 demum
888 1435 949 1476 cae
1040 1479 1041 1484 ,

88 1522 126 1578 de
148 1520 302 1593 legionum,
335 1520 479 1591 deposuit.
532 1519 573 1576 nt
604 1519 756 1584 terebatur,
776 1521 899 1590 parvulo
921 1519 949 1575 b
1040 1527 1041 1530 ’

89 1619 130 1676 lio
143 1620 281 1694 quosdam
300 1617 494 1690 captivorum,
513 1617 628 1690 sagittis
655 1617 814 1692 iaculisque
839 1615 951 1690 puerili·

89 1719 141 1774 bus
166 1718 304 1790 figendos,
323 1715 472 1772 obtulisse.
514 1715 654 1776 Getarum
679 1733 773 1789 neque
787 1731 829 1782 se,
860 1731 951 1789 neque

89 1833 259 1890 quemquam
286 1815 442 1879 Batavum,
469 1813 501 1870 in
530 1815 619 1870 verba
643 1813 807 1870 Galliarum
833 1813 950 1887 adegit:

89 1915 155 1970 fisus
178 1914 390 1970 Germanorum
404 1911 525 1984 opibus:
546 1917 587 1980 et,
613 1911 639 1968 si
658 1912 829 1968 certandum
853 1913 952 1968 adver

89 2029 136 2070 sus
151 2011 253 2068 Gallos
281 2012 319 2066 da
344 2011 524 2083 possessione
549 2027 642 2067 rerum
669 2009 752 2077 iorct,
771 2008 891 2067 inclitus
915 2010 953 2066 la·
1040 2045 1041 2072 ,

89 2128 136 2168 rna
155 2117 186 2166 et
200 2108 301 2182 potior.
358 2109 514 2166 Mummius
536 2109 695 2181 Lupercus,
720 2109 851 2182 Legatos
866 2109 953 2182 legio·

89 2209 145 2277 nis,
164 2208 241 2265 inter
264 2209 341 2264 dona
368 2207 470 2264 missus
495 2207 638 2264 Veledae.
691 2206 736 2264 Ea
765 2205 851 2280 virgo
864 2206 953 2264 natio

89 2309 136 2366 uis
148 2308 304 2364 Bructerae
320 2309 377 2363 late
392 2305 591 2382 imperitabat:
614 2311 714 2362 vetare
740 2307 818 2378 apud
832 2305 953 2362 Germa·

91 2424 144 2464 nos
169 2413 257 2473 mora,
277 2422 334 2480 quc
359 2407 508 2478 plerasque
534 2403 705 2462 feminarum
738 2402 885 2470 fatidicas,
917 2407 955 2470 el,

92 2512 267 2580 augescente
289 2503 502 2576 superstitione,
529 2502 702 2560 arbitrantur
721 2498 811 2558 Deae.
855 2502 954 2558 Tunc·

93 2622 147 2678 que
176 2603 309 2659 Veledae
333 2601 489 2658 auctoritas
510 2601 651 2658 adolevit.
683 2615 750 2656 nanu
784 2607 953 2674 ‘prosperas

92 2700 267 2768 ‘Germanis
288 2717 332 2756 res
357 2705 387 2756 et
413 2698 560 2756 excidium
588 2695 745 2772 legionum²
762 2699 954 2772 praedixerat.

94 2801 153 2858 Sed
164 2801 314 2872 Lupercus
328 2799 358 2854 iu
379 2791 683 2854 itinere'iuterlectusl
734 2796 827 2854 Pauci
849 2797 955 2854 Centu-

93 2899 205 2954 riouuln
220 2895 524 2970 Tribuuorumque„iu
536 2895 634 2952 Gallia
648 2894 750 2969 geniti,
763 2901 955 2962 reservantur,

93 2997 197 3070 pignus
222 2994 381 3052 societatis.
442 2993 622 3058 cohortium,
656 2995 774 3061 alarum,
809 2993 955 3067 legionum

123 3167 210 3224 Ciuilis,
227 3169 319 3214 barbara
329 3165 383 3224 nuto}
416 3166 515 3212 Patrium
532 3171 555 3212 et
575 3167 665 3214 solenne
684 3165 802 3214 Germanis
816 3167 860 3212 hoc
874 3172 955 3213 notum

94 3227 187 3273 Taclurs
196 3229 225 3272 de
234 3225 329 3271 moribus
339 3225 386 3268 elus
400 3225 470 3281 gentis
480 3229 514 3270 3l.
547 3226 608 3270 Allia
618 3226 781 3272 Germnnnnrm
794 3226 884 3282 populis
893 3240 956 3272 urar·

92 3291 176 3339 putum,
186 3299 240 3329 rora
249 3287 269 3328 el
283 3281 370 3336 priuato
385 3283 491 3339 cuiusque
505 3285 622 3339 audentia,
637 3285 698 3341 opud
714 3284 787 3330 Guttor
796 3285 823 3331 in
833 3299 957 3332 consensurus

93 3343 164 3394 uertit,
185 3342 269 3386 crinem
288 3339 418 3396 barbamque
436 3341 579 3394 nnrrrma'tlere,
605 3355 646 3388 nec
663 3343 709 3388 arbi
727 3343 862 3388 hortensem
880 3357 960 3390 mum
1040 3367 1041 3372 =

92 3399 189 3445 uminum
197 3398 359 3458 obligatumque
367 3397 619 3448 virisionensium.
651 3400 741 3450 Mansit
750 3401 857 3449 interiore
865 3416 928 3450 aero.
1040 3455 1041 3458 Ἴ
