2104 3826
75 177 147 250 148
369 197 621 250 ursaonnnvnr
796 200 825 247 s.
842 197 870 246 v.
888 199 952 248 sm.

72 351 187 419 ‘loturi
207 357 238 411 et
250 350 316 410 slva
329 353 487 426 optandum
501 352 557 410 hoc
572 367 689 419 nomen,
699 350 765 408 sive
778 348 951 410 timendum

73 458 81 484 ‘
97 457 169 518 erat,
192 451 301 510 Caesar
314 452 441 510 adscitus
462 467 535 508 sum.
576 451 643 522 Quo
655 451 756 508 domus
766 455 880 508 nostrae
892 453 953 508 ant

71 548 284 622 ‘Reipublicae
317 549 407 610 tatum
427 549 458 606 io
484 555 580 606 vestra
608 565 696 606 manu
719 549 845 622 positum
871 554 949 618 est3

73 657 160 718 ‘nom
179 648 246 723 quia
272 665 338 706 mco
358 648 477 706 nomine
505 639 664 706 tristiorem
686 663 785 706 casum
808 663 950 720 paveam,

72 747 137 824 ‘(ut
159 749 216 824 qui,
237 747 375 806 adversas
395 764 441 804 res
461 753 608 819 expertus,
632 763 699 804 cum
726 745 856 803 maxime
888 745 954 802 dis·

71 854 166 914 ‘casm
186 865 223 904 na
237 847 379 904 secundas
400 845 518 921 quidam
539 847 634 903 minus
654 843 834 902 discriminis
854 844 948 902 babe-

72 943 158 1021 ‘ra;)
178 946 276 1019 patris,
304 950 335 1002 et
360 946 495 1010 Senatus,
526 950 557 1002 at
580 943 672 1016 ipsius
693 941 814 1016 lmpcrii
841 942 947 1000 vicem

74 1025 190 1112 ‘dotem
209 1044 235 1102 si
258 1045 341 1100 nobis
361 1048 411 1102 aut
432 1043 524 1116 parire
548 1042 634 1100 bodie
661 1059 784 1098 necessa
807 1047 862 1106 est,
882 1046 946 1111 ant,

74 1143 170 1216 ‘quod
200 1159 292 1216 aequa
322 1143 399 1214 apud
426 1143 516 1198 bonos
544 1141 681 1200 miserum
708 1144 763 1208 ast,
793 1139 945 1197 occidero.

76 1235 241 1298 ‘Solatium
266 1241 390 1314 proximi
429 1249 522 1298 molus
546 1241 724 1298 habebamus
759 1238 948 1298 incruentam

74 1340 203 1406 ‘urbem
222 1344 253 1396 ct
267 1356 311 1405 res
334 1339 399 1396 sine
412 1339 557 1398 discordia
579 1340 741 1398 transistus.
784 1338 944 1396 Provisum

74 1437 252 1511 ‘adoptione
279 1437 441 1506 videbatur,
461 1444 493 1496 ut
520 1456 558 1496 na
588 1443 654 1512 post
675 1437 803 1496 Galbam
823 1437 945 1511 quidem

22 1522 83 1581 30‘
97 1538 176 1594 bello
204 1539 285 1596 locus
304 1541 391 1594 esset.
447 1536 532 1594 Nihil
553 1538 692 1611 arrogabo
712 1535 785 1592 mibi
805 1535 946 1594 nobilitu-

75 1636 133 1694 ‘lis
153 1641 202 1694 aut
221 1636 391 1694 modestiae.
420 1653 514 1709 nequa
534 1635 614 1694 enim
634 1637 726 1693 relatu
748 1634 889 1692 virtutum
909 1633 944 1692 in

75 1734 309 1808 ‘comparatione
323 1734 449 1792 Otbonis
469 1751 541 1807 opus
560 1739 614 1790 ast.
656 1733 751 1800 Vitia,
770 1733 874 1808 quibus
897 1745 945 1790 ao'·

75 1832 133 1889 ‘lis
153 1832 299 1905 gloriatur,
312 1838 452 1892 evertere
480 1832 644 1906 lmparium,
673 1831 763 1890 etiam
783 1849 850 1890 oum
870 1831 942 1890 ami-

75 1936 164 1986 ‘cum
185 1929 370 2003 Imperatoris
390 1935 497 2005 ageret.
538 1929 687 1990 Habitune
700 1937 731 1988 et
751 1931 880 1996 incessu.
899 1949 939 1990 an
1050 2005 1051 2010 η

76 2026 146 2084 ‘illo
166 2026 298 2084 muliebri
317 2033 420 2085 ornatu
435 2035 590 2086 mereretur
610 2026 792 2102 Imperium?
822 2030 941 2094 Fallun-
1050 2013 1051 2045 ¹

26 2165 47 2215 ,1
76 2130 147 2192 ‘lur‚
180 2125 282 2200 quibus
316 2126 430 2184 luxuria
473 2127 572 2200 specie
603 2127 787 2186 liberalitatis
808 2127 935 2202 inponit.

24 2220 49 2313 i
75 2225 223 2284 ‘Perdere
246 2224 400 2291 letemini,
419 2226 527 2282 donare
554 2225 677 2284 nesciat.
720 2227 828 2299 Stupra
859 2243 936 2284 nunc

21 2356 25 2372 ι
42 2305 47 2350 ¹
75 2328 124 2380 ‘al
134 2323 354 2385 comissationes
368 2327 398 2380 cl
411 2323 582 2380 seminarum
595 2329 698 2382 coetus
715 2324 811 2381 volvit
831 2325 938 2382 animo.

74 2422 169 2480 ‘baec
183 2422 367 2494 Principatus
394 2421 522 2494 praemia
544 2426 642 2495 pulat;
664 2439 782 2496 quorum
797 2422 888 2479 libido
900 2440 935 2480 ac

74 2528 82 2553 ‘
98 2523 230 2595 voluptas
245 2538 333 2594 penos
348 2522 440 2594 ipsum
454 2520 501 2587 sit,
529 2521 613 2578 rubor
626 2537 662 2578 ac
690 2521 819 2580 dedecus
844 2538 932 2593 penes

74 2626 206 2676 ‘omnen
257 2619 355 2676 Nemo
376 2618 455 2676 enim
480 2635 604 2694 unquam
629 2619 796 2692 Imperium,
825 2619 934 2693 flagitio
1045 2655 1046 2689 p

74 2717 264 2791 ‘quaesitum
292 2717 375 2774 lionis
395 2717 502 2775 artibus
526 2717 668 2774 exercuit.
723 2718 850 2794 Galbam
870 2735 933 2778 con·

74 2821 196 2872 ‘sensus
230 2815 344 2888 generis
377 2815 504 2882 humani,
533 2833 579 2874 me
599 2816 704 2883 Galba,
727 2816 932 2876 consentienti·

74 2916 146 2970 ‘bus
169 2913 260 2980 vobis,
280 2914 434 2984 Gaesarem
455 2914 540 2972 dixit.
582 2915 615 2974 Si
637 2915 814 2988 Respublica
838 2921 868 2972 at
885 2917 932 2972 Sc·
1043 2937 1044 2945 ¹

73 3018 175 3068 ‘natus
196 3018 227 3068 et
255 3012 381 3085 Populus
403 3031 480 3070 vana
503 3013 621 3072 uomina
636 3018 720 3070 sunt:
743 3018 850 3080 vestra,
864 3031 935 3072 com·

72 3109 257 3178 ‘militionea
272 3112 402 3177 interest,
416 3129 452 3168 ne
468 3113 675 3184 lmperatorem
691 3112 808 3185 pessimi
819 3113 932 3172 saciant.
1041 3147 1042 3162 l

71 3208 253 3282 ‘Legionum
272 3209 377 3266 seditio
397 3211 551 3266 adversum
573 3197 674 3268 Duces
693 3229 758 3268 suos
779 3211 876 3268 audita
889 3217 929 3270 est

70 3283 261 3380 ‘aliqua‘ndoz
285 3314 380 3361 vestra
409 3307 479 3362 tides
507 3308 639 3382 famaque
656 3309 767 3366 inlaesa
792 3311 828 3366 ad
855 3310 926 3367 hunc

70 3403 170 3462 ‘diem
196 3403 312 3462 mansit.
333 3409 363 3460 et
383 3404 465 3462 Nero
493 3421 609 3480 quoque
637 3424 690 3464 vos
717 3407 858 3480 destituit,
878 3425 930 3468 non
