2100 3816
105 230 224 279 acm
326 230 397 276 arn.
423 231 481 280 xv.
533 232 610 280 aar.
638 209 806 282 62.-64.
924 214 968 282 dr
1038 265 1039 268 ,

104 385 137 442 ad
154 385 276 444 iniurias
302 385 500 460 relinqueret:
521 371 650 454 ‘vilne,''
662 389 766 464 inquit,
780 388 972 450 ‘delinimen-

102 489 145 541 ‘ta
159 493 392 542 monstraveram
407 485 468 555 tibi,
493 492 523 542 lu
548 487 647 544 mortis
669 490 758 546 decus
784 489 884 548 mavia.
910 507 972 550 non

102 583 258 640 ‘invidebo
272 585 419 655 exemplo.
463 584 509 640 Sit
523 585 606 642 huius
620 592 679 643 tam
697 587 777 644 sortis
791 589 887 646 exitus
901 605 970 647 uon·

102 683 226 738 ‘stantia
242 699 334 754 penes
351 689 485 756 utrosque
508 684 576 754 pau,¹
590 685 772 742 claritudinis
797 688 861 757 plns
875 687 906 744 in
920 693 971 745 luu

103 779 191 838 ‘lina’
233 781 303 838 Post
328 799 402 854 quaa
427 783 530 838 eodem
553 782 613 840 iotn
636 784 756 840 brachia
780 785 855 842 lerro
876 787 970 843 exsol-

103 885 179 936 vunt.
243 881 370 944 Seneca,
400 881 535 954 quoniam
561 881 655 939 senile
685 899 789 957 eorpus
821 888 850 940 el
879 899 970 956 parvo

103 977 177 1036 viutn
212 983 363 1036 tenuatum
399 981 479 1038 lenta
506 979 611 1054 effugia
639 981 774 1056 sanguini
802 983 969 1055 praebebat,

103 1093 211 1136 crunam
232 1095 347 1152 quoque
371 1084 401 1134 et
426 1079 566 1151 poplitum
592 1097 682 1136 venas
704 1081 856 1154 abrumpit.
899 1081 969 1140 Sae-

102 1177 199 1250 visque
221 1177 400 1234 eruciatibus
420 1177 560 1244 defessus,
583 1195 620 1236 ne
645 1179 744 1236 dolore
766 1197 819 1238 suo
839 1179 969 1238 animum

101 1275 195 1333 uxoris
210 1275 388 1352 infringeret,
403 1285 489 1349 atque
504 1277 565 1349 ipse
575 1323 579 1332 .
590 1277 714 1334 visendo
737 1277 798 1336 eius
823 1284 969 1338 tormenta

101 1377 134 1432 ad
147 1377 354 1448 inpatientiam
367 1377 556 1440 delaberetur,
571 1378 681 1442 suadet,
704 1373 735 1433 in
758 1375 840 1434 aliud
860 1375 968 1436 nudior·

102 1473 155 1532 lum
189 1473 346 1532 abscedere.
405 1475 444 1532 Et
482 1475 641 1534 novissimo
674 1493 786 1550 quoque
821 1481 969 1534 monento

101 1575 303 1648 suppeditante
324 1573 499 1648 eloquentia,
521 1575 673 1632 advocatie
693 1573 889 1644 scriptoribus,
910 1577 970 1647 ple-
999 1651 1002 1656 1

103 1690 184 1748 reque
201 1673 332 1739 tradidit,
346 1690 428 1746 quae,
450 1674 481 1730 in
497 1676 600 1748 vulgus
625 1674 703 1730 edila
719 1673 781 1728 eine
807 1673 912 1738 verbis,
926 1673 969 1730 in·

102 1781 212 1829 vertere
235 1772 419 1845 supersedeo.
462 1775 504 1830 At
529 1773 626 1838 Nero?
643 1773 723 1829 nullo
746 1771 777 1828 in
804 1771 1020 1836 rnulrinamur

100 1871 212 1944 proprio
238 1871 317 1934 odio,
345 1887 390 1936 ae,
413 1889 450 1928 ne
473 1870 609 1944 glisceret
636 1870 749 1928 invidia
776 1871 967 1941 crudelitatis,

100 1969 230 2027 inhiberi.
259 1975 380 2026 mortem
410 1969 543 2042 imperat.
599 1969 789 2031 Hortantibua
816 1969 967 2036 militibus,

100 2069 175 2125 servi
203 2068 358 2143 libertique
386 2069 516 2142 obligant
545 2068 671 2133 brachia,
698 2075 831 2142 premunt
853 2068 968 2143 sangui-

100 2185 172 2234 nem,
195 2169 342 2224 incertum
365 2167 402 2223 an'
427 2168 555 2242 ignarae.
576 2183 652 2230 nan,
677 2172 707 2224 ut
731 2173 775 2224 est
804 2169 906 2238 vulgus
929 2167 967 2224 ad

99 2265 241 2323 deteriora
272 2271 444 2338 promptum,
473 2284 531 2322 non
561 2265 687 2331 deluere,
721 2266 769 2340 qui
803 2267 984 2345 crederent,

100 2367 211 2422 ‘donee
234 2365 441 2437 inplacabilem
466 2365 613 2422 Neronem
636 2364 772 2425 timuerit,
794 2363 899 2420 lamam
923 2379 967 2420 ao·

99 2463 213 2520 ‘eiatae
227 2480 294 2519 eum
309 2463 413 2519 marito
428 2463 526 2519 mortis
549 2463 706 2536 petivisse:
727 2460 845 2526 deiude,
868 2461 967 2518 oblata

99 2562 233 2620 ‘mitiore
246 2579 308 2634 epe,
322 2561 528 2618 blandimentis
543 2563 624 2620 vitae
648 2560 775 2616 evictam
787 2557 804 2614 :'
824 2559 872 2616 oui
887 2559 969 2616 addi·

97 2661 139 2718 dit
161 2677 272 2734 paneae
290 2666 391 2732 postea
410 2677 512 2727 annos,
535 2658 674 2716 laudabili
694 2659 726 2716 in
751 2655 883 2715 maritum
907 2676 966 2716 me·

97 2759 197 2827 moria,
210 2763 240 2816 et
255 2777 305 2814 ore
319 2776 355 2815 ao
377 2759 512 2814 membris
533 2758 565 2815 in
589 2775 656 2814 eum
683 2759 822 2825 pallorem
843 2758 973 2818 albenti·-

96 2861 158 2925 bna,
178 2866 211 2916 nt
231 2857 359 2914 ostentui
372 2855 460 2924 esset,
484 2857 605 2914 multum
620 2855 719 2912 vitalis
742 2856 859 2928 spiritua
884 2873 968 2930 egea-

95 2962 164 3014 lum.
208 2958 325 3013 Seneca
338 2956 464 3022 interim,
485 2957 607 3012 durante
638 2960 731 3012 lraotu
745 2960 774 3011 et
790 2955 964 3012 lentitudine

97 3057 206 3124 mortis,
222 3055 350 3114 Statium
366 3056 531 3120 Annaeum,
544 3054 593 3112 diu
617 3053 674 3110 sibi
693 3054 839 3112 amicitiae
863 3054 919 3110 tide
935 3057 966 3110 et
1038 3109 1039 3138 3

125 3233 240 3281 invertere
248 3233 383 3294 supersedeo]
415 3233 483 3286 Meis,
499 3233 600 3292 adeoque
608 3231 660 3278 eliis
670 3230 743 3276 verbis
758 3244 855 3276 narrare.
887 3229 965 3276 Inun-

96 3296 140 3338 lere
159 3293 218 3338 idem
237 3301 280 3348 est,
299 3291 358 3352 quod
386 3297 530 3348 commutare,
547 3291 686 3337 cotnmutatis
712 3289 788 3334 verbis
807 3289 896 3334 dicere:
922 3301 967 3333 non

96 3356 233 3424 pervertere,
245 3364 393 3412 eorrumpere,
405 3358 428 3396 ut
438 3350 526 3410 aceepit
542 3350 672 3404 Rhenanus,
678 3349 720 3454 gui
737 3351 856 3415 proptesea
867 3347 967 3415 malebat

97 3415 213 3456 innatare,
246 3410 283 3455 Sia
299 3410 370 3455 oratio
383 3423 484 3455 tenuem
501 3413 522 3454 rt
536 3413 620 3455 munla
630 3422 666 3468 ap.
698 3407 753 3453 icer.
762 3405 842 3452 Partrt.
853 3419 873 3451 a.
884 3409 906 3452 l.
917 3419 932 3451 r.
943 3417 967 3450 e.

99 3467 148 3516 alta
156 3475 226 3532 atque
235 3467 286 3517 aliis
296 3468 368 3517 verbis
377 3481 489 3530 expressa.
520 3466 581 3515 Ean.
