2158 3820
67 211 90 276 l
392 225 576 276 ruusurvru
790 230 821 278 s.
835 228 866 278 v.
882 229 936 278 arr.

23 386 26 394 ’
65 382 186 458 infringi
205 381 303 442 matris
327 385 499 457 potentiam,
518 391 549 442 et
568 384 707 443 credente
730 387 935 461 nullm-usque

34 485 102 548 2ad
117 483 238 542 caedem
252 483 314 542 eius
327 485 461 542 duratura
487 485 541 542 lilii
553 484 629 542 odia.
671 485 777 543 Tradit
798 487 935 555 Cluvius,

65 583 282 658 ‘Agrippinam
303 586 403 642 ardore
424 586 594 656 retinendae
618 585 766 659 potentiae
786 603 823 642 eo
843 601 934 660 nsque

64 689 267 758 ‘provectam
281 689 312 742 ut
339 685 436 742 medio
449 685 519 752 diei,
543 702 610 744 cum
632 683 662 742 id
687 685 825 757 temporis
851 685 933 742 Nero

64 789 136 858 ‘per
149 783 250 842 vinum
263 791 294 842 et
307 787 409 858 epulas
422 787 625 854 incalesceret,
635 786 750 842 offerret
764 802 796 842 se
815 784 933 858 saepius

64 887 245 954 ‘temulento
268 891 415 958 comptam
438 891 469 942 et
485 884 599 942 incasto
622 891 761 958 paratam.
802 886 940 960 lamque,

65 985 194 1043 ‘lasciva
227 987 327 1043 oscula
360 989 390 1042 at
422 983 609 1057 praenuntias
642 984 745 1060 flagitii
771 984 931 1043 blanditias

63 1083 287 1142 ‘adnotantibus
306 1083 455 1155 proximis,
481 1086 626 1142 Senecam
650 1090 751 1142 contra
775 1084 933 1142 muliebres

62 1183 244 1242 ‘inlecebras
255 1183 415 1258 subsidium
430 1201 447 1242 a
461 1184 570 1242 lemica
584 1183 724 1257 petivisse
739 1203 746 1240 :
767 1170 934 1240 inmissam·

62 1288 136 1356 ‘que
159 1285 267 1350 Acten,
291 1282 434 1352 libertam,
455 1300 538 1358 quae,
564 1283 649 1342 simul
663 1300 716 1342 suo
740 1282 878 1356 periculo,
899 1285 932 1340 et

61 1379 197 1438 ‘infamis
221 1382 348 1440 Neronis
368 1381 468 1447 auxia,
488 1382 623 1449 deterret,
643 1383 844 1456 pervulgatum
865 1397 932 1438 esse

61 1480 233 1548 ‘incestum
260 1481 403 1555 gloriante
424 1487 525 1546 matre,
550 1497 606 1538 nec
630 1483 801 1538 toleraturos
820 1479 949 1566 milites,

61 1580 194 1653 ‘profani
228 1579 373 1655 Principis
407 1577 577 1657 imperium?
637 1580 747 1638 Fabius
781 1580 931 1649 Rusticus,

60 1684 140 1734 ‘non
155 1675 346 1753 Agrippinae,
359 1677 411 1734 sed
438 1675 550 1734 Neroni
572 1675 701 1750 cupitum
716 1673 931 1746 id,’·memorat,

62 1776 266 1851 ‘eiusdemque
291 1775 412 1834 libertae
440 1781 503 1833 astu
535 1772 709 1832 disiectum?
749 1776 818 1843 Sed,
852 1791 928 1850 quae

61 1877 194 1942 Cluvius,
219 1876 321 1932 eadem
336 1875 427 1932 ceteri
441 1891 553 1950 quoque
567 1883 699 1933 auctores
714 1873 876 1948 prodidere,
897 1879 930 1932 et

58 1977 135 2034 lama
159 1977 216 2033 turc
240 1973 386 2032 inclinat:
406 1991 458 2032 seu
476 1973 614 2047 concepit
639 1973 737 2031 animo
757 1979 870 2031 tautum
884 1974 945 2032 in·'

58 2075 207 2132 manitatis
234 2073 406 2149 Agrippina,
420 2091 471 2130 seu
493 2072 661 2130 credibilior
674 2090 770 2130 novae
797 2071 928 2130 libidinis

58 2173 210 2232 meditatio
238 2173 268 2230 iu
294 2189 330 2229 ea
357 2172 421 2229 visa
448 2177 502 2240 est,
526 2189 609 2248 quae,
634 2172 810 2245 puellaribus
832 2171 927 2242 annis,

58 2280 187 2348 stuprum
209 2292 275 2332 cum
298 2275 422 2348 Lepido,
447 2291 498 2347 spe
520 2271 737 2338 dominationis,
760 2271 927 2339 admiserat,

57 2376 120 2447 pari
133 2373 271 2448 cupidine
292 2391 379 2448 usque
401 2375 437 2430 ad
452 2372 535 2430 libita
556 2371 697 2430 Pallantis
712 2372 875 2444 provoluta,
896 2374 927 2428 ct

26 2475 188 2541 :resarcita
211 2475 247 2531 ad
275 2491 361 2530 omne
385 2471 526 2546 flagitium
551 2470 646 2545 patrui
673 2469 791 2544 nuptiis.
834 2469 927 2545 igitur

58 2575 140 2631 Nero
164 2575 257 2631 vitare
280 2577 408 2630 secretos
422 2572 484 2629 eius
498 2587 684 2646 congressus:
716 2571 926 2628 abscedentem

57 2673 88 2732 in
104 2675 209 2737 hortor,
224 2677 273 2729 aut
289 2672 499 2738 Tusculanum,
515 2673 564 2727 vel
591 2669 743 2728 Antiatem
764 2669 795 2726 in
815 2685 926 2743 agrum,

58 2774 184 2838 laudare,
198 2768 273 2846 quod
284 2768 370 2827 otiatur
382 2767 535 2826 horarum.
577 2769 737 2835 Postremo,
751 2768 927 2843 ubicumque

57 2871 220 2939 baberetur,
245 2885 435 2943 praegravem
459 2872 545 2934 ratus,
569 2867 733 2926 interlicere
753 2868 925 2925 constituit:

57 2972 199 3028 hactenus
213 2971 391 3034 consultans,
405 2983 514 3034 veneno,
528 2984 567 3024 un
580 2966 675 3046 serre,
691 2966 732 3024 uel
744 2983 801 3044 quo
813 2965 875 3025 ulio
887 2967 926 3025 oi.

57 3070 222 3144 placuitque
235 3069 326 3143 primo
339 3085 493 3125 venenum.
510 3053 512 3058 ¹
537 3069 596 3124 Sed
611 3067 687 3124 inter
699 3071 798 3141 epulas
814 3067 926 3126 Princi-

86 3244 202 3304 Eosrritr]
235 3243 338 3290 Pricaeus
357 3242 387 3289 ad
407 3241 465 3301 Apul
495 3241 556 3290 Met.
576 3245 597 3288 a.
618 3256 641 3303 p.
661 3245 711 3290 oua.
732 3243 782 3289 vult
797 3241 928 3303 eremus,

57 3306 253 3353 sedrronnerease.
287 3301 664 3352 Sisenimett,ll.tl.i.l.ete.

87 3386 165 3432 Otium
181 3383 302 3446 lacsrmst]
319 3382 334 3428 i.
345 3396 366 3428 e.
381 3386 514 3446 capesseret,
532 3381 565 3428 uti
581 3381 696 3446 inciperet.
