2100 3816
70 131 118 200 88
393 155 588 208 aauamvar
792 160 822 206 a.
841 157 872 205 v.
888 159 941 206 ars.

68 307 177 380 ‘ipsum
204 301 316 384 quoqu's
346 307 503 376 vincirent,
531 315 675 382 postremo
708 309 829 386 indigna
864 327 942 369 nece

66 407 254 464 ‘adiicerent
311 409 429 480 Quanto
463 410 635 466 laudabilius
669 410 837 484 periturum,
871 411 973 468 duaa·

68 507 268 578 tamptectitur
301 506 533 580 Rempublicam,
566 510 634 566 atum
665 509 775 567 auxilia
810 507 943 588 libertati
1046 533 1047 594 q

67 613 74 636 ‘
87 603 216 664 invocat.
259 607 347 664 Miles
362 607 456 680 potius
471 609 585 665 deesset
599 614 628 665 et
651 610 751 682 plebes
773 609 942 677 descreret;
1046 599 1047 632 ³

68 705 154 762 ‘duur
169 707 231 779 ipse
246 707 409 774 maioribus,
423 709 491 764 dans
506 707 636 780 posteris,
650 707 675 764 si
689 708 748 764 vita
764 707 943 781 praeripere·
1046 689 1047 696 ἵ

67 808 141 870 ‘tur,
156 812 277 862 mortem
291 809 462 878 adprobaret
473 805 493 865 l’
515 808 648 865 lnnsotns
662 806 716 877 bis,
732 812 760 864 et
777 807 940 880 paullulum
1046 873 1047 878 ἵ

67 903 97 960 in
113 904 230 976 publico
246 911 385 972 versatus,
406 911 470 978 post
484 906 562 963 dorni
583 912 721 973 secretus,
735 906 864 962 animum
886 906 941 964 ad·

69 1021 182 1060 versum
195 1022 327 1076 suprema
352 1006 493 1073 firmabat,
513 1007 608 1064 donec
629 1023 729 1062 manus
744 1005 867 1062 militum
888 1006 941 1062 ad·

69 1103 190 1166 veniret,
210 1121 281 1177 quos
310 1105 391 1162 Nero
420 1103 527 1162 tirones
549 1113 598 1162 aut
629 1104 782 1178 stipendiis
803 1108 939 1162 recentes

22 1239 28 1250 ·
66 1203 224 1274 delegerat.
267 1203 345 1261 Nam
367 1210 451 1262 vetus
473 1205 557 1262 miles
592 1204 755 1270 timebatur,
790 1208 939 1278 tamquam
1046 1227 1047 1230 ¹

66 1305 166 1362 lavore
196 1305 322 1362 inbutus.
364 1305 454 1372 Obiit,
478 1301 605 1376 abruptis
633 1298 814 1360 brachiorum
843 1302 938 1362 venis.
1046 1359 1047 1362 ,

68 1405 292 1462 Testamentum
303 1404 398 1462 toedio
410 1405 548 1460 adversus
565 1403 712 1460 Neronem
723 1402 939 1460 adulationibus
1046 1393 1047 1464 i

65 1505 157 1562 amori
178 1486 276 1562 uxoris
297 1503 400 1560 dedit:
421 1519 506 1579 quam
528 1503 713 1576 degenerem,
738 1507 767 1558 et
789 1504 851 1558 sota
875 1519 943 1560 cor·
1046 1541 1047 1548 κ

65 1604 143 1676 poris
157 1605 247 1663 torma
261 1603 504 1667 commendatam,
526 1601 614 1658 amici
635 1601 820 1658 matrimonio
841 1603 939 1659 abstu·
1046 1621 1047 1672 g

63 1704 147 1760 ierat.
189 1703 309 1760 Nomen
332 1701 458 1759 mulieris
484 1700 570 1758 Arria
586 1701 691 1771 Galla3
714 1701 799 1774 priori
821 1701 937 1770 marito,

11 1779 14 1788 ⁴
65 1800 213 1858 Domitius
239 1801 335 1858 Silus:
365 1800 413 1858 bic
435 1799 585 1872 patientia,
606 1801 657 1858 illa
685 1799 867 1874 inpudicitia,
888 1799 939 1858 Pi·
1046 1799 1047 1844 l

12 1893 52 1951 60
64 1901 143 1957 sonis
154 1899 301 1956 infamiam
312 1916 518 1974 propagavere.
560 1899 727 1958 Proximam
739 1917 841 1958 necem
851 1899 938 1957 Plau·
1046 1951 1047 1990 q

65 1999 98 2055 tii
120 1999 269 2063 Laterani,
284 1999 420 2056 Consulis
441 1999 598 2074 designati,
620 2001 702 2076 Nerp
726 1998 866 2072 adiungit,
886 1999 938 2056 ad·
1046 2001 1047 2024 ³

64 2115 102 2154 eo
126 2115 255 2170 propere,
268 2103 298 2154 ut
312 2116 369 2154 non
391 2099 551 2170 complecti
563 2100 681 2178 liberos,
703 2117 760 2156 non
781 2098 853 2155 illud
874 2099 938 2154 bre·

65 2215 102 2252 ve
117 2197 217 2253 mortis
240 2197 390 2254 arbitrium
416 2197 604 2272 permitteret.
647 2197 760 2270 Raptus
783 2197 813 2253 in
837 2199 936 2254 locum
1046 2221 1047 2262 l

63 2296 218 2354 servilibus
242 2298 343 2370 poenis
367 2297 535 2370 sepositum,
557 2314 644 2354 manu
666 2297 764 2364 Statii,
797 2295 936 2364 Tribuni,

67 2397 236 2464 trucidatur,
264 2398 368 2470 plenus
395 2397 556 2453 constantis
583 2396 703 2462 silentii,
724 2413 781 2453 uec
803 2395 941 2454 Tribuno
1046 2411 1047 2472 g

65 2495 214 2552 obiiciens
224 2497 347 2554 eandem
357 2496 578 2552 conscientiam.
602 2495 738 2570 Sequitur
755 2496 861 2552 caedes
874 2495 937 2552 An·
1046 2475 1047 2522 ³

63 2595 131 2650 uaei
147 2596 289 2660 Senecae,
301 2594 459 2652 laetissima
474 2595 614 2668 Principi,
636 2613 694 2651 non
713 2594 780 2668 quia
804 2595 936 2651 coniura·

64 2692 151 2750 tionis
176 2693 361 2750 manifestum
374 2699 563 2766 compererat,
587 2693 638 2750 seri
654 2700 684 2750 ut
698 2693 772 2750 ierro
793 2710 937 2768 grassare·
1046 2685 1047 2766 i

62 2795 245 2867 tur,qoando
267 2810 413 2850 venenum
434 2811 492 2850 non
517 2799 705 2868 processerat.
748 2795 833 2852 Solus
854 2795 936 2869 quip

61 2911 98 2972 pe
118 2891 231 2948 Natalis
246 2897 275 2948 et
296 2893 437 2948 hactenus
453 2893 609 2966 prompsit:
629 2893 767 2950 ‘missurn
782 2911 813 2949 se
835 2895 873 2950 ad
887 2912 935 2952 ae·
1004 2886 1008 2894 ’
1046 2921 1047 2962 t

61 2997 195 3064 ‘gratum
209 2993 363 3058 Senecam,
388 2992 430 3049 uti
446 2992 555 3050 viseret
570 3001 858 3068 conquerereturque,
882 3012 937 3052 cnr
1046 2969 1047 3008 ¹

60 3089 221 3146 ‘Pisonem
243 3090 323 3166 aditu
348 3089 483 3148 arceret?
503 3093 605 3148 arelius
627 3093 697 3158 iore,
722 3091 746 3148 si
771 3093 937 3151 amicitiam

60 3197 67 3222 ‘
80 3189 215 3246 familiari
227 3207 384 3264 congressu
395 3189 613 3248 exercuissent!
633 3193 673 3250 Et
685 3192 868 3266 respondisse
882 3195 936 3251 Se-

90 3363 248 3409 Brraenrortts
262 3364 393 3430 arbitrium]
425 3363 527 3410 Proiecto
544 3365 618 3412 breve.
650 3366 711 3414 Nam
726 3368 935 3422 Neronaraa'aaa

60 3435 106 3470 aaa
115 3423 211 3485 amptius
219 3437 284 3487 quam
293 3423 410 3470 teramum
418 3424 514 3484 apuliam
522 3423 594 3472 dabat.
625 3423 687 3484 laps.
