2158 3820
92 162 214 212 nem.
341 159 412 209 nau.
437 157 494 208 xv.
546 137 695 208 candi.
713 137 770 209 38.
917 137 962 212 'll

92 316 163 374 nibil
186 313 296 392 flagitii
324 314 490 390 reliquerat,
510 331 567 389 quo
586 315 752 390 comptior
777 317 886 391 ageret,
907 313 965 374 nlai

89 433 197 490 paueoa
213 421 281 490 poet
309 415 374 472 dier
402 414 453 472 uni
467 432 505 472 ex
519 413 572 490 illp
585 415 846 474 contaminatorum
866 433 963 490 grege,

93 513 140 573 uni
161 533 271 573 nomen
302 510 486 590 Pythagorae
509 512 572 580 luit,
593 513 623 571 in
657 515 773 572 modurn
799 516 962 576 aolennlum

92 614 294 690 eoniugiorum
307 613 501 686 donupolaaei.
542 613 669 672 luditum
692 613 863 688 imperatori
887 612 963 671 drm-

93 729 202 771 meum:
226 712 288 770 viai
305 711 465 784 nuspiam,
479 713 531 768 doa
552 717 581 768 et
594 711 721 786 genialia
737 717 814 768 torua
838 715 868 766 ei
885 711 964 768 luera

92 812 259 885 nuptiales:
282 817 393 869 euuoln
416 809 542 885 denique
559 816 796 885 apeotata‚‘quaa
819 808 907 866 etiam
932 807 963 868 io

94 909 200 967 lemine
218 927 282 967 nox
302 908 407 982 operit.

135 1008 272 1083 Sequitur
286 1007 396 1073 eladea,
410 1007 492 1075 iorie,
502 1023 539 1065 an
553 1008 622 1065 dolo
635 1005 789 1082 Priuoipia‚
798 1007 942 1067 incertum
954 1027 961 1065 ι
973 999 1014 1062 38

96 1122 160 1164 nnn
187 1113 342 1181 uirumque
365 1113 499 1164 auetorea
538 1103 710 1179 prodidere:
740 1107 792 1165 aed
818 1107 963 1176 omnibus,

96 1222 167 1282 quae
194 1206 267 1263 huie
292 1205 354 1262 urbi
377 1223 429 1278 per
451 1205 624 1262 violentiam
647 1203 759 1280 ignium
782 1203 962 1270 aeciderunt,

95 1304 211 1378 gravior
233 1309 323 1378 atque
347 1304 482 1361 utroeior.
524 1303 646 1386 initium
671 1301 702 1360 in
730 1320 765 1360 ea
780 1309 860 1378 parte
886 1301 961 1362 eirel

95 1409 196 1466 orium.
218 1419 295 1477 quae
310 1401 446 1460 Palatino
469 1403 627 1476 cautioque
655 1403 800 1463 montibus
824 1403 963 1478 rontigua

95 1509 156 1559 eat:
178 1501 230 1558 ubi
244 1517 297 1573 per
311 1502 454 1569 tabernae,
465 1501 566 1577 quibua
580 1501 610 1558 id
625 1501 845 1560 mercimonium
859 1501 963 1568 luerat,

96 1618 152 1675 quo
184 1600 304 1658 flumme
338 1599 433 1665 alitur,
457 1601 541 1658 aimnl
566 1607 687 1674 ooeplua
710 1601 786 1674 ignia
813 1605 842 1656 et
866 1597 964 1660 atatim

97 1699 223 1767 validus,
251 1715 287 1756 au
315 1697 405 1757 venio
427 1697 511 1769 eitun,
534 1683 745 1772 longitudinem
772 1698 845 1755 eiroi
871 1695 965 1755 conri-

96 1798 167 1871 pult.
199 1814 296 1870 neque
323 1795 401 1854 enim
428 1797 529 1853 domur
561 1795 749 1854 munimeulia
776 1803 885 1870 neptae,
913 1795 962 1853 vel

97 1898 205 1970 templa
220 1895 309 1953 muria
322 1895 430 1960 cineta,
444 1899 493 1952 aut
514 1895 581 1970 quid
600 1895 678 1952 aliud
694 1912 791 1954 morae
811 1893 963 1954 interiace-

96 1993 155 2052 bat.
198 1993 306 2067 inpetu
323 1999 510 2068 pervagatum
538 1993 706 2051 incendium
721 1995 807 2068 plana
831 1993 963 2068 primum,

97 2093 205 2151 deinde
219 2092 253 2150 in
266 2092 346 2150 edita
372 2094 537 2168 adsurgens,
551 2098 582 2150 et
596 2110 704 2170 ruraum
731 2091 864 2150 inlerioru
876 2105 970 2165 popu-⁴

98 2193 197 2250 lando.
219 2191 325 2250 anteiit
344 2192 473 2249 remedia
495 2190 654 2248 velocitate
681 2189 758 2260 maii,
781 2196 811 2248 et
834 2187 963 2248 obnoxia

97 2272 167 2349 urbe
188 2290 258 2348 arlia
284 2290 434 2348 itineribus
462 2290 574 2365 hucque
598 2294 629 2346 et
656 2289 727 2348 illue
754 2287 847 2355 dexia,
876 2293 963 2362 atque

97 2390 266 2446 enormibus
282 2387 366 2456 vicia,
386 2387 478 2463 qualia
503 2394 586 2446 velue
601 2389 697 2446 Roma
725 2387 788 2444 luil.
830 2386 879 2444 Ad
907 2386 963 2444 boo

97 2488 230 2545 lamenta
241 2487 410 2562 paventium
430 2485 609 2554 seminarum,
631 2487 706 2544 ieaaa
720 2501 823 2542 aenum
835 2501 871 2542 ao
885 2483 963 2541 rudia

97 2586 242 2660 pueritiae
256 2592 347 2654 aetna,
366 2585 470 2661 quique
481 2587 547 2652 albi,
566 2585 670 2661 quique
685 2583 750 2642 aliia
763 2583 963 2651 consulebant.

97 2685 168 2743 dum
182 2685 301 2742 trabunt
316 2684 470 2750 invalidos,
484 2689 534 2742 out
545 2685 741 2759 opperiuntur,
762 2700 825 2757 para
839 2699 962 2750 morano,

97 2802 165 2858 paru
186 2783 338 2850 teatinam,
361 2789 468 2842 cuneta
490 2782 697 2858 inpediebenti
719 2787 748 2841 ei
773 2801 870 2857 saepe,
893 2781 962 2840 dum

97 2884 128 2942 in
144 2891 258 2959 tergum
273 2888 447 2956 nepotiani,
469 2882 605 2941 lateribus
626 2889 675 2940 aut
689 2883 781 2940 lroote
802 2881 963 2939 circumve·

99 2981 258 3040 uniebantur
269 3001 276 3038 ε
296 2983 356 3050 vei,
368 2981 393 3039 ai
406 2979 437 3038 iu
449 2980 579 3056 proxima
593 2985 757 3049 evaserant,
779 2979 839 3038 illia
852 2993 963 3054 quoque

97 3079 162 3155 igni
191 3079 355 3154 conreptia,
379 3079 477 3146 etiam,
503 3096 577 3155 quae
605 3077 966 3154 longinquaorediderant‚

97 3179 129 3238 in
153 3179 258 3235 eodem
272 3195 341 3236 oasa
365 3178 590 3252 reperiebantur.
631 3178 790 3244 Postremo,
808 3175 875 3253 quid
890 3174 963 3232 vitu·

98 3284 176 3348 rent,
200 3275 269 3351 quid
291 3281 425 3350 peterent
448 3276 584 3350 ambigui,
597 3280 744 3351 complere
776 3275 846 3345 viae,
871 3269 962 3332 aterni

100 3393 153 3450 per
177 3392 279 3450 agroa:
301 3375 416 3450 quidam
438 3375 549 3434 amieria
563 3376 695 3435 omnibus
717 3373 847 3442 fortunia,
867 3367 963 3429 diurni
