2114 3830
76 129 149 196 420
363 143 613 196 ursnoamnvn
795 141 927 190 nune

74 303 156 368 toret,
169 301 195 359 si
219 301 350 360 Romarn
361 301 463 358 classis
473 299 554 374 equi
565 300 746 358 maturasset.
767 371 771 378 1
788 297 837 354 Ne
850 309 930 368 eques

73 403 188 476 quidem
203 401 318 466 institit,
336 405 454 472 repente
468 399 537 456 lusis
561 397 699 456 imbribus
724 401 755 451 et
777 395 933 468 propinqua

24 505 168 576 qqnocte.
210 499 329 556 Postera
342 500 400 564 die,
413 498 627 571 quartadecima
652 497 731 570 legio
755 495 785 550 io
811 491 931 566 superio·

73 617 133 658 rem
148 599 327 672 provinciam
349 600 438 656 Gallo
462 598 564 656 Annio
588 596 692 654 missa:
715 595 842 652 Cerialis
856 611 933 650 exer·

72 697 162 756 cilum
185 699 300 756 decima
313 716 351 754 ex
376 697 519 764 Hisnania
544 696 621 768 legio
643 694 802 768 supplevit
844 691 933 750 Civili

73 797 255 856 Chaucorum
270 797 381 854 auxilie
405 813 523 852 venere.
564 796 632 851 Non
648 800 745 852 temen
762 789 933 864 nususoppi·

71 897 108 952 dn
124 897 300 954 Batavorum
313 895 399 952 armis
414 894 496 958 tueri,
510 895 609 967 raptis,
621 911 693 966 quae
709 891 776 948 ferri
793 894 933 964 poterant,

71 995 178 1052 ceteris
201 994 310 1051 iniecto
331 993 402 1066 igni,
424 995 455 1050 in
475 994 598 1050 insulem
622 992 790 1049 noncessit:
821 1009 935 1064 guarus,

71 1093 173 1150 deesse
188 1111 279 1150 naves
291 1093 445 1150 efficiendo
460 1092 549 1164 ponti,
574 1111 667 1165 neque
689 1091 855 1146 exercitum
879 1091 933 1146 Ro·

70 1210 186 1250 menum
210 1191 295 1248 aliter
319 1191 555 1248 transmissurum.
581 1191 650 1264 quin
664 1195 693 1245 et
717 1189 807 1245 diruit
821 1191 933 1255 molem,
1036 1205 1037 1208 ¹

70 1308 87 1346 a
102 1291 198 1348 Druso
213 1290 390 1346 Germanico
403 1290 518 1353 lectam,
534 1289 734 1362 Rhenumque,
743 1306 837 1359 prono
849 1290 933 1344 alveo
1036 1293 1037 1318 l

70 1389 100 1446 iu
129 1388 257 1446 Galliam
284 1394 424 1464 ruentem,
461 1385 602 1453 disiectis,
639 1405 711 1460 quae
739 1388 933 1453 morabantur,

69 1488 177 1548 etl'udit.
220 1487 270 1544 Sic
289 1489 369 1542 velut
391 1487 496 1544 abacto
523 1503 618 1552 amne,
641 1485 736 1542 tenuis
759 1487 873 1550 alveus,
892 1485 932 1540 in·

68 1588 160 1644 sulem
187 1585 263 1644 inter
293 1585 522 1658 Germanosque,
555 1583 769 1641 continentium
795 1589 933 1640 terrerum
1036 1633 1037 1640 ,

68 1684 195 1757 speciem
219 1685 336 1740 lecerat.
378 1683 537 1740 Transiere
562 1683 697 1738 Rhenum
713 1682 934 1756 Tutorquoque

72 1788 103 1839 et
119 1783 267 1840 Classicus
281 1789 308 1838 et
324 1787 441 1838 centum
456 1781 596 1838 tredecim
621 1781 819 1837 Treverorum
844 1783 932 1838 Sena·

69 1885 164 1936 tores:
186 1881 216 1936 in
231 1881 293 1954 quia
308 1881 361 1936 luit
378 1879 502 1952 Alpinus
519 1879 686 1946 Montanus,
701 1897 786 1953 quern
801 1897 817 1935 e
833 1880 932 1936 Primo

68 1978 199 2036 Antonio
223 1980 341 2036 missum
363 1981 394 2038 in
419 1979 533 2036 Gallias
552 1979 681 2050 superius
696 1980 930 2036 memoravimus.

67 2077 265 2136 Comitahatur
289 2094 355 2134 eum
380 2079 466 2134 trater
490 2078 528 2132 D.
553 2076 688 2147 Alpinus.
731 2077 823 2134 Simul
839 2077 938 2148 ceteri,
1036 2111 1037 2130 r

66 2177 251 2234 miseratione
265 2195 300 2234 ac
314 2178 397 2234 donis
412 2177 521 2234 auxilia
534 2177 702 2244 concibant,
725 2177 803 2236 inter
826 2186 930 2252 gentes

19 2305 55 2362 20
65 2277 256 2349 periculorum
278 2277 388 2332 avidas.
430 2277 617 2350 Tantumque
642 2277 712 2332 belli
726 2277 877 2349 superfuit,
897 2283 929 2335 ut

65 2375 208 2447 praesidia
221 2374 390 2450 cohortium,
405 2377 523 2441 elerum,
538 2376 692 2448 legionum,
713 2393 771 2432 uuo
784 2377 832 2432 die
848 2377 929 2434 Civi-

64 2473 100 2529 lis
115 2472 322 2546 quadripartito
334 2473 492 2530 invaserit:
513 2473 657 2530 decimam
683 2475 829 2548 legionem
856 2477 928 2532 Are·

19 2627 20 2634 ,
64 2573 143 2640 naci,
157 2573 314 2628 secundem
336 2572 525 2640 Batavoduri,
546 2579 576 2628 et
591 2572 719 2630 Grinnes
744 2573 926 2648 vadumque,

64 2671 224 2727 cohortium
249 2672 413 2742 alarumque
438 2676 549 2742 cestra3
579 2672 620 2728 ita
641 2672 747 2730 divisis
768 2673 873 2744 copiis,
895 2678 925 2730 ut

64 2768 127 2839 ipse
141 2775 171 2824 et
185 2769 296 2831 Vernx,
320 2785 416 2824 sorore
437 2768 499 2826 eius
523 2770 646 2842 genitus,
661 2770 867 2845 Classicusque
890 2789 924 2830 ae

65 2865 160 2922 Tutor
183 2883 263 2922 suam
287 2868 406 2940 quisque
428 2884 544 2924 menum
563 2869 727 2924 traherent:
750 2887 807 2926 nec
827 2871 924 2928 omnia

62 2964 196 3035 patrandi
219 2964 343 3033 fiducia;
364 2968 414 3022 sed
436 2968 547 3022 ‘multa
570 2967 646 3024 unsis
670 2967 765 3040 alique
787 2967 818 3024 in
844 2975 923 3041 parte

63 3062 219 3118 ‘fortunam
235 3063 340 3119 edlore.
382 3064 475 3120 Simul
491 3065 636 3122 Cerialem
651 3083 743 3139 neque
767 3067 839 3124 setis
859 3085 923 3125 cau-

89 3211 170 3280 llalem
184 3229 197 3257 a
213 3215 290 3282 prusa
304 3214 436 3282 Germanico
444 3217 542 3277 fuctum]
574 3218 626 3264 Fuit
641 3233 715 3276 agger,
732 3219 821 3277 Rheno,
837 3220 859 3266 in
874 3221 923 3282 ripe

58 3267 152 3318 Gallice.
164 3271 283 3324 humiliori,
297 3279 321 3316 et
335 3287 356 3316 ru
371 3287 437 3332 qnam
454 3273 544 3320 Rhenus
558 3291 638 3334 magno
651 3277 734 3338 impetu
745 3285 829 3332 ruerat,
838 3282 925 3342 opposi-

57 3329 99 3376 tos,
111 3333 136 3369 ut
146 3335 257 3396 coerceret
272 3329 366 3382 flumem
378 3336 405 3397 ¹et
420 3333 508 3398 quidem
524 3347 551 3379 en
566 3334 589 3378 in
605 3341 669 3394 parte
682 3337 769 3382 lnndne
780 3337 923 3397 Batavorum,

56 3393 101 3436 qna
111 3395 209 3438 proxime
224 3390 319 3430 rntrntur
334 3389 471 3433 vementibus
481 3406 493 3432 n
506 3391 638 3438 Batavorum
649 3394 740 3454 oppido.
772 3395 828 3442 Eius
838 3400 923 3456 aggeris

20 3443 23 3450 ’
55 3443 134 3480 auctor
145 3439 236 3493 Drusus,
252 3443 288 3498 qni
303 3456 318 3486 o
333 3458 356 3486 ns
371 3444 466 3490 instituit
481 3461 540 3494 anno
555 3451 615 3495 vitae
634 3451 716 3498 ultimo
726 3455 748 3498 h.
759 3467 781 3500 e.
792 3453 822 3502 V·
834 3455 861 3503 0.
873 3461 923 3506 tlt.
1036 3449 1037 3500 d

56 3491 82 3534 ld
94 3505 148 3550 opus
158 3496 294 3542 continuarit
322 3499 424 3558 aellinue,
434 3509 526 3551 auctore
535 3507 618 3557 Tacite
628 3512 657 3557 Δ.
668 3509 736 3571 xlll,
746 3515 784 3559 53.

451 3591 462 3620 l
