2100 3816
96 173 166 248 nt
414 191 600 240 snnnurvu
813 193 844 234 a.
860 187 890 234 v.
906 187 958 237 eas.

93 349 197 410 Sorani
218 350 379 416 sdctnstor,
401 347 570 422 ingreditur,
600 343 764 418 orditurque
788 344 845 400 ‘de
860 343 961 402 amici·

92 449 153 508 ‘tis
175 448 304 506 Rubellii
329 448 434 515 Plauti,
448 448 579 523 quodque
604 444 844 502 Proconsutatum
869 444 960 500 Asine
1038 443 1039 524 i

93 550 250 614 ‘Soranus
265 566 315 622 pro
340 548 484 613 claritate,
507 546 564 602 nitri
580 545 673 618 potius
696 545 960 610 adcommodatum,
1038 539 1039 616 ᾗ

94 655 196 724 ‘quam
223 663 262 706 ex
293 647 418 706 utititate
438 647 594 710 communi,
614 646 730 719 egisset,
751 646 858 700 aiendo
885 642 962 700 sedi·

94 750 206 805 ‘tiones
238 745 411 804 civitatum?
446 747 562 804 -Vetera
596 746 680 802 haec.
714 745 765 800 sed
801 746 961 800 recenset
1038 811 1039 824 χ

95 848 170 922 quod
200 845 362 904 discrimini
403 845 492 918 patris
525 845 615 902 titiam
648 843 854 905 connectebat,
887 837 965 916 pand

90 942 237 1022 maenium
266 943 366 1020 Magis
399 941 536 1019 dilargita
565 948 643 1000 raso.
697 941 855 1000 Acciderat
885 957 960 996 sans
1038 965 1039 1020 ί

95 1043 203 1118 pietate
237 1044 399 1102 Serviiine:
435 1044 464 1100 id
498 1043 577 1100 euim
611 1059 717 1099 nornen
746 1041 859 1112 puetiue
888 1038 961 1096 tuit:

94 1159 177 1216 quae,
207 1142 329 1200 caritate
363 1159 431 1216 erga
456 1148 614 1213 parentem,
647 1139 732 1197 simut
766 1136 963 1211 imprudentia

94 1237 207 1300 aetatis,
230 1255 287 1296 non
319 1245 416 1298 tumen
447 1240 525 1297 siiud
552 1241 777 1303 consultaverat,
808 1254 893 1311 quum
923 1237 961 1294 ds
1038 1269 1039 1272 ¹

95 1337 314 1394 ‘incolumitate
344 1340 455 1404 domus,
484 1344 514 1396 et
543 1355 581 1394 au
616 1337 767 1410 placabitis
800 1337 888 1402 Nero,
921 1353 962 1394 an
1038 1331 1039 1402 ξ

95 1435 243 1508 ‘cognitio
271 1437 396 1495 Senatus
419 1436 491 1494 nihii
513 1442 596 1494 etrus
617 1433 760 1494 adferret!
800 1435 893 1508 Igitur
913 1451 963 1493 ae·
1038 1427 1039 1470 1

95 1533 153 1594 cita
178 1535 275 1592 estin
301 1537 450 1602 Senatum,
464 1541 660 1608 steteruntque
674 1534 802 1592 diversi:
823 1539 892 1590 ante
913 1532 963 1590 tri·

95 1633 182 1690 bunet
205 1634 374 1699 Consutum,
394 1633 511 1707 grandis
532 1651 608 1690 aevo
624 1651 745 1714 parens3
767 1641 869 1690 eontra
891 1632 963 1698 fitia,

94 1733 171 1794 intra
187 1733 356 1789 vicesimum
371 1733 475 1790 eetetis
495 1749 613 1797 eranum,
626 1747 718 1803 nuper
731 1731 844 1796 marito,
861 1731 963 1790 Annio

95 1827 238 1892 Potiione,
262 1829 292 1886 in
320 1830 456 1888 exsiliunt
487 1833 578 1903 puteo,
608 1830 725 1888 vidnstn
752 1831 960 1903 desolataque:
1038 1881 1039 1892 2

95 1942 131 1984 ac
143 1943 179 1982 ne
191 1932 301 1996 patrem
313 1927 429 2001 quidem
450 1929 573 1998 intuens,
586 1927 668 1986 cuius
683 1945 818 1984 onerasse
833 1927 963 1999 periouts

42 2025 81 2084 31
97 2023 256 2082 videnum.
298 2025 378 2082 'l'um
398 2026 593 2099 interrogante
613 2027 792 2092 adcuratote,
820 2031 876 2082 ‘au
900 2027 962 2084 oui·

96 2127 161 2180 ‘tus
184 2124 297 2181 dotates
321 2141 358 2181 au
384 2125 547 2182 detractum
571 2123 684 2182 cervici
710 2125 819 2184 monite
849 2141 961 2180 venum
1038 2113 1039 2142 ²

96 2222 248 2288 ‘dedisset
275 2239 332 2298 quo
359 2223 512 2296 pecuniam
536 2223 677 2280 iaciendis
709 2223 835 2297 Magicis
869 2221 962 2280 sacris

96 2323 296 2380 ‘contraheret
308 2319 329 2380 i’
343 2322 464 2394 primum
477 2327 567 2378 strata
581 2322 669 2392 humi,
691 2325 833 2396 longoque
848 2321 916 2378 fletu
930 2325 963 2380 et
1038 2379 1039 2392 ,

95 2421 221 2489 silentio,
236 2426 309 2494 post,
330 2421 431 2478 aitaris
445 2427 476 2478 et
489 2437 568 2478 ararn
582 2423 745 2494 complexa,
766 2417 898 2485 ‘nultos’
918 2419 962 2478 iu-

95 2521 156 2594 quit
176 2520 290 2592 ‘inpios
313 2519 403 2583 Deos,
424 2522 518 2576 nutias
536 2500 719 2582 devotiones.
739 2536 794 2576 nec
815 2517 895 2574 atiud
917 2517 961 2576 in·
1038 2513 1039 2536 *

95 2619 245 2676 ‘feticibus
268 2619 400 2689 precibus
427 2618 577 2684 invocavi,
606 2635 692 2692 quarn
713 2624 743 2674 ut
777 2619 854 2674 hunc
882 2617 958 2691 opti·
1038 2601 1039 2636 ³

95 2724 195 2774 ‘vnum
217 2723 326 2789 patrem
346 2722 387 2783 tu,
408 2716 525 2784 Caesar,
555 2722 584 2773 et
613 2735 675 2784 vos,
696 2717 805 2785 Patres,
826 2731 957 2774 servare-
1038 2755 1039 2764 η

94 2815 151 2872 ‘tis
171 2816 355 2872 incotumem.
397 2813 448 2872 Sic
468 2831 597 2888 gemmas
616 2819 647 2872 et
669 2822 764 2872 vestes
783 2821 813 2872 et
831 2815 958 2888 dignite-

94 2914 150 2984 ‘tis
170 2913 296 2987 iusignia
325 2913 402 2982 dedi,
431 2913 584 2989 quomodo,
616 2916 641 2972 si
674 2917 845 2990 sanguinem
866 2923 895 2974 et
919 2917 962 2974 vi·
1038 2907 1039 2944 t

94 3017 172 3070 ‘tarn
206 3012 414 3085 poposcissent.
467 3014 606 3073 Viderint
632 3013 690 3084 isti,
722 3016 848 3074 antehac
886 3015 960 3074 mitri

93 3110 213 3184 ‘ignoti
242 3128 298 3184 quo
325 3112 443 3169 nornine
471 3113 538 3182 sint,
569 3131 639 3188 ques
673 3118 749 3172 artes
779 3119 958 3172 exerceant:

92 3211 190 3266 ‘uuita
210 3209 282 3267 mitri
314 3209 459 3282 Principis
480 3211 599 3279 mentio,
620 3213 677 3270 nisi
712 3214 788 3272 inter
822 3214 960 3272 Numine

92 3307 176 3366 ‘tuit
218 3308 322 3366 Nescit
356 3315 454 3364 tamen
474 3309 647 3368 miserrimus
681 3317 783 3384 pater:
805 3317 835 3370 et
855 3311 882 3372 si
903 3312 957 3370 cri-

40 3410 181 3474 32‘men
212 3412 266 3476 est,
286 3409 348 3466 sota
379 3405 509 3483 deliqui)
549 3408 709 3484 Loquentis
742 3411 840 3472 sdhuo
869 3413 960 3472 verita
1017 3421 1039 3495 ,ί
