2100 3816
101 137 172 210 roo
380 155 632 224 nranoannvrr
823 158 971 210 avenn

96 314 154 376 bin
183 311 329 374 weber.
360 329 418 372 non
437 279 567 370 interluit
589 310 798 382 occidentium,
824 312 892 388 quid
926 313 970 370 di·
1027 319 1028 392 l

95 422 186 474 cerat.
242 415 289 472 De
321 428 487 486 percussore
513 428 573 469 non
605 413 676 469 satis
703 417 831 470 coruut.
850 411 968 486 quidem

83 512 290 576 :Terentium
316 507 498 576 nnmerum:
525 509 577 568 elii
600 509 811 582 ‘Lecanium3’
841 511 969 568 crebrior

96 611 175 670 tama
183 608 492 668 tradidit‘Oamurium
501 608 756 682 quintaedecimae
772 609 897 684 legionis
906 610 969 668 mil·

98 712 199 774 ‘item
214 711 345 782 inpresso
354 707 462 783 gladio,
474 707 606 781 iugulum
619 709 682 766 eiua
696 707 849 766 hausisse?
868 707 968 767 ceteri
1028 735 1029 742 ,

98 825 182 870 crura
197 809 381 883 brachiaque,
395 825 463 866 nrm
487 815 588 882 peetus
612 810 773 882 tegebatur,
798 808 883 866 toede
896 806 968 866 lani·

99 918 205 968 averes
226 911 360 982 pleraque
386 909 508 966 vulnera
527 905 642 964 leuitate
664 911 695 963 et
721 905 847 964 saevitia
866 911 967 964 trunco

46 977 157 1066 42ἰιιιῐι
176 1005 275 1080 copori
297 1005 421 1063 adiecta.
463 1003 657 1062 Titum-inde
683 1004 806 1062 Vinium
821 1005 964 1062 invasere.
1029 1040 1030 1078 ,

96 1107 135 1164 dc
149 1121 206 1178 qno
218 1110 248 1160 et
263 1104 326 1176 ipso
344 1103 507 1177 ambigitur,
521 1103 771 1175 consumpseritne
787 1119 893 1162 vocem
906 1104 966 1162 eius

97 1203 209 1260 instaur
224 1207 326 1268 metus,
340 1219 377 1259 an
392 1201 625 1274 proclamaverit,
648 1219 704 1258 non
716 1217 776 1258 esse
800 1200 837 1259 ud
859 1199 964 1260 Othone

96 1298 268 1367 mundaum,
292 1305 323 1356 ut
343 1297 517 1357 occideretur.
567 1300 653 1372 Quod
679 1317 731 1358 seu
759 1301 846 1358 linxit
873 1301 965 1358 tormi-

98 1400 179 1466 dine,
198 1416 249 1456 seu
271 1398 482 1456 conscientiam
508 1398 717 1456 coniurationia
736 1398 887 1456 consessus
901 1404 965 1458 est:

99 1497 157 1556 boc
178 1497 271 1571 potius
295 1497 356 1556 eius
378 1496 440 1553 vita
458 1496 591 1569 lanaque
613 1483 750 1565 inclinet,¹
772 1502 805 1554 ut
831 1499 964 1556 conscius
1030 1470 1031 1564 J

98 1598 217 1654 sceleris
237 1596 332 1662 tuerit,
351 1595 434 1652 cuius
456 1611 559 1652 caussa
580 1601 651 1652 erat.
694 1599 775 1654 Ante
799 1599 905 1656 aedem
925 1599 964 1656 D.

98 1695 168 1752 lulii
182 1696 280 1762 iacuit,
294 1697 387 1768 primo
410 1694 470 1750 ictu
499 1693 531 1750 in
559 1694 708 1768 poplitem,
731 1711 800 1754 mox
824 1697 862 1753 cb
889 1697 964 1754 lulio

98 1792 183 1861 Caro,
203 1792 363 1865 legionario
387 1791 488 1858 milite,
510 1797 660 1867 utrumque
683 1796 757 1852 latus
782 1797 963 1852 transverbe-

46 1876 181 1947 43relus.
224 1891 371 1963 insignem
394 1891 445 1948 ills
465 1891 515 1948 die
538 1890 632 1948 virum
654 1893 858 1965 Sempronium
885 1895 963 1952 Deu·
1031 1902 1032 1956 l

97 2007 161 2068 sum
182 1994 262 2046 aetas
283 1995 378 2046 nostra
400 1989 482 2046 vidit.
523 1989 663 2048 Centurio
683 1991 708 2048 ia
730 1992 897 2050 Praetoriae
917 2009 964 2050 oo·

96 2087 195 2154 hortis,
222 2106 241 2144 a
267 2087 363 2146 Galba
389 2088 539 2145 custodiae
566 2089 681 2146 Pisonis
708 2090 834 2158 additus,
862 2091 963 2148 stricto

96 2188 223 2263 pugione
236 2203 391 2244 occurrens
414 2185 532 2244 armatis
555 2191 585 2244 et
606 2189 702 2244 scelus
726 2173 914 2262 exprobrans,
928 2205 964 2246 ec

97 2287 184 2344 modo
199 2303 293 2352 manu,
309 2286 394 2342 modo
408 2301 491 2354 voce,
505 2287 646 2342 vertendo
660 2286 691 2344 in
714 2303 747 2342 se
772 2305 965 2360 percussores,

97 2401 267 2461 quemquam
292 2387 444 2442 vulnerato
476 2382 575 2440 Pisoni
604 2383 741 2458 effugium
760 2385 851 2442 dedit.
893 2386 963 2444 Piso

96 2483 128 2542 iu
143 2485 244 2540 sedern
260 2484 370 2540 Vestae
389 2481 526 2554 pervasit,
549 2489 745 2556 exceptusque
765 2483 963 2542 misericordia

96 2581 206 2656 publici
230 2580 307 2638 servi
320 2585 351 2636 et
373 2579 563 2636 contubernio
587 2580 649 2638 eius
671 2581 792 2650 abditus,
818 2599 876 2639 non
898 2583 963 2640 reli·

96 2679 192 2754 gione,
218 2696 273 2735 nec
297 2677 491 2742 caerimoniis,
519 2680 570 2736 sed
597 2680 706 2736 latebra
729 2679 877 2736 inminens
901 2681 962 2738 exi·

96 2777 168 2836 tium
192 2777 357 2834 differebat:
378 2793 444 2832 cum
465 2777 621 2842 advenere,
646 2777 732 2834 missu
755 2778 890 2845 Othonis,
912 2795 962 2836 no·

95 2875 228 2934 minutim
242 2873 273 2931 iu
295 2873 415 2931 caedem
429 2875 490 2930 eius
505 2875 649 2942 ardentes,
674 2874 820 2948 Sulpicius
847 2877 961 2946 Florus,

95 2992 113 3032 e
127 2972 305 3031 Britannicis
329 2973 504 3038 cohortibus,
530 2990 649 3046 nupera
665 2972 761 3030 Galba
773 2974 898 3032 civitate
911 2977 962 3032 do·

91 3079 186 3138 natus,
217 3078 246 3128 et
281 3071 389 3127 Statius
426 3070 552 3136 Murcus,
589 3073 767 3142 speculator:
805 3072 828 3128 α’
857 3073 960 3147 quibus

42 3158 252 3242 “protractus
273 3167 349 3226 Piso,
374 3167 404 3222 in
428 3165 533 3220 loribus
555 3169 656 3242 templi
679 3169 845 3226 trucidatur.
888 3172 961 3230 Nul-

93 3267 152 3320 lam
176 3266 295 3320 caedem
311 3263 389 3318 Otho
403 3261 510 3315 maiore
532 3265 643 3323 laetitia
665 3271 828 3340 excepisse,
849 3272 961 3328 nullum

93 3365 182 3434 eaput
207 3367 266 3417 tum
281 3357 491 3416 insatiabilibus
514 3361 607 3417 oculis
628 3366 814 3435 perlustrasse
833 3367 961 3426 dicitur:
