<?xml version="1.0" encoding="UTF-8"?>
<!DOCTYPE html PUBLIC "-//W3C//DTD XHTML 1.0 Transitional//EN"
    "http://www.w3.org/TR/xhtml1/DTD/xhtml1-transitional.dtd">
<html xmlns="http://www.w3.org/1999/xhtml" xml:lang="en" lang="en">
 <head>
  <title>
</title>
<meta http-equiv="Content-Type" content="text/html;charset=utf-8" />
  <meta name='ocr-system' content='tesseract 3.04.00' />
  <meta name='ocr-capabilities' content='ocr_page ocr_carea ocr_par ocr_line ocrx_word'/>
</head>
<body>
  <div class='ocr_page' id='page_1' title='image "./operaexrecensio02tacigoog_0099.png"; bbox 0 0 2100 3816; ppageno 0'>
   <div class='ocr_carea' id='block_1_1' title="bbox 61 189 951 258">
    <p class='ocr_par' dir='ltr' id='par_1_1' title="bbox 61 189 951 258">
     <span class='ocr_line' id='line_1_1' title="bbox 61 189 951 258; baseline -0.007 0"><span class='ocrx_word' id='word_1_1' title='bbox 61 189 113 258; x_wconf 83' lang='lat'><strong>86</strong></span> <span class='ocrx_word' id='word_1_2' title='bbox 385 204 572 254; x_wconf 81' lang='lat' dir='ltr'><strong>aunacrvu</strong></span> <span class='ocrx_word' id='word_1_3' title='bbox 789 210 817 256; x_wconf 81' lang='lat' dir='ltr'><strong>a.</strong></span> <span class='ocrx_word' id='word_1_4' title='bbox 834 204 866 254; x_wconf 87' lang='lat' dir='ltr'><strong>V.</strong></span> <span class='ocrx_word' id='word_1_5' title='bbox 883 207 951 256; x_wconf 86' lang='lat' dir='ltr'><strong>aro..</strong></span> 
     </span>
    </p>
   </div>
   <div class='ocr_carea' id='block_1_2' title="bbox 5 357 1045 3510">
    <p class='ocr_par' dir='ltr' id='par_1_2' title="bbox 5 357 1045 3510">
     <span class='ocr_line' id='line_1_2' title="bbox 5 357 941 438; baseline -0.002 -16"><span class='ocrx_word' id='word_1_6' title='bbox 5 359 6 374; x_wconf 59' lang='lat'>¹</span> <span class='ocrx_word' id='word_1_7' title='bbox 64 363 290 438; x_wconf 76' lang='lat' dir='ltr'><strong>responderantr</strong></span> <span class='ocrx_word' id='word_1_8' title='bbox 324 359 474 435; x_wconf 85' lang='lat' dir='ltr'><strong>inditaque</strong></span> <span class='ocrx_word' id='word_1_9' title='bbox 509 359 617 418; x_wconf 64' lang='lat' dir='ltr'><strong>vinctas</strong></span> <span class='ocrx_word' id='word_1_10' title='bbox 657 357 697 417; x_wconf 83' lang='lat' dir='ltr'><strong>Et</strong></span> <span class='ocrx_word' id='word_1_11' title='bbox 724 362 941 420; x_wconf 85' lang='lat' dir='ltr'><strong>tormentorum</strong></span> 
     </span>
     <span class='ocr_line' id='line_1_3' title="bbox 63 458 941 538; baseline -0.005 -16"><span class='ocrx_word' id='word_1_12' title='bbox 63 463 233 538; x_wconf 84' lang='lat' dir='ltr'><strong>adspectum</strong></span> <span class='ocrx_word' id='word_1_13' title='bbox 247 477 282 518; x_wconf 87' lang='lat' dir='ltr'><strong>ac</strong></span> <span class='ocrx_word' id='word_1_14' title='bbox 306 459 400 517; x_wconf 86' lang='lat' dir='ltr'><strong>minas</strong></span> <span class='ocrx_word' id='word_1_15' title='bbox 421 477 479 517; x_wconf 89' lang='lat' dir='ltr'><strong>non</strong></span> <span class='ocrx_word' id='word_1_16' title='bbox 502 461 603 517; x_wconf 91' lang='lat' dir='ltr'><strong>tulere.</strong></span> <span class='ocrx_word' id='word_1_17' title='bbox 645 458 728 516; x_wconf 84' lang='lat' dir='ltr'>Prior</span> <span class='ocrx_word' id='word_1_18' title='bbox 752 464 852 518; x_wconf 89' lang='lat' dir='ltr'><strong>tamen</strong></span> <span class='ocrx_word' id='word_1_19' title='bbox 876 459 941 518; x_wconf 85' lang='lat' dir='ltr'><strong>Na·</strong></span> 
     </span>
     <span class='ocr_line' id='line_1_4' title="bbox 65 557 941 634; baseline -0.006 -14"><span class='ocrx_word' id='word_1_20' title='bbox 65 562 141 629; x_wconf 87' lang='lat' dir='ltr'><strong>talis,</strong></span> <span class='ocrx_word' id='word_1_21' title='bbox 167 559 256 620; x_wconf 85' lang='lat' dir='ltr'><strong>lolius</strong></span> <span class='ocrx_word' id='word_1_22' title='bbox 283 557 506 632; x_wconf 75' lang='lat' dir='ltr'><strong>conspirationis</strong></span> <span class='ocrx_word' id='word_1_23' title='bbox 528 558 620 633; x_wconf 79' lang='lat' dir='ltr'><strong>magis</strong></span> <span class='ocrx_word' id='word_1_24' title='bbox 643 575 758 634; x_wconf 83' lang='lat' dir='ltr'><strong>gnarus,</strong></span> <span class='ocrx_word' id='word_1_25' title='bbox 777 558 864 616; x_wconf 86' lang='lat' dir='ltr'><strong>simul</strong></span> <span class='ocrx_word' id='word_1_26' title='bbox 893 576 941 616; x_wconf 84' lang='lat' dir='ltr'><strong>ar·</strong></span> 
     </span>
     <span class='ocr_line' id='line_1_5' title="bbox 64 653 1044 738; baseline -0.002 -18"><span class='ocrx_word' id='word_1_27' title='bbox 64 660 173 738; x_wconf 81' lang='lat' dir='ltr'><strong>gueudi</strong></span> <span class='ocrx_word' id='word_1_28' title='bbox 197 659 324 734; x_wconf 77' lang='lat' dir='ltr'><strong>peritior,</strong></span> <span class='ocrx_word' id='word_1_29' title='bbox 345 655 377 716; x_wconf 82' lang='lat' dir='ltr'><strong>dc</strong></span> <span class='ocrx_word' id='word_1_30' title='bbox 402 656 504 716; x_wconf 72' lang='lat' dir='ltr'><strong>Pisone</strong></span> <span class='ocrx_word' id='word_1_31' title='bbox 527 659 650 734; x_wconf 89' lang='lat' dir='ltr'><strong>primum</strong></span> <span class='ocrx_word' id='word_1_32' title='bbox 676 659 791 716; x_wconf 80' lang='lat' dir='ltr'><strong>soletur.</strong></span> <span class='ocrx_word' id='word_1_33' title='bbox 826 658 940 718; x_wconf 86' lang='lat' dir='ltr'><strong>deinde</strong></span> <span class='ocrx_word' id='word_1_34' title='bbox 1043 653 1044 656; x_wconf 57' lang='grc'>’</span> 
     </span>
     <span class='ocr_line' id='line_1_6' title="bbox 65 756 940 825; baseline -0.002 -5"><span class='ocrx_word' id='word_1_35' title='bbox 65 761 167 820; x_wconf 84' lang='lat' dir='ltr'><strong>adiicit</strong></span> <span class='ocrx_word' id='word_1_36' title='bbox 188 759 334 818; x_wconf 67' lang='lat' dir='ltr'><strong>Annonem</strong></span> <span class='ocrx_word' id='word_1_37' title='bbox 366 756 506 825; x_wconf 76' lang='lat' dir='ltr'><strong>Smemc,</strong></span> <span class='ocrx_word' id='word_1_38' title='bbox 530 757 596 814; x_wconf 83' lang='lat' dir='ltr'><strong>sire</strong></span> <span class='ocrx_word' id='word_1_39' title='bbox 629 757 825 816; x_wconf 85' lang='lat' dir='ltr'><strong>internuntius</strong></span> <span class='ocrx_word' id='word_1_40' title='bbox 857 757 940 818; x_wconf 88' lang='lat' dir='ltr'><strong>inter</strong></span> 
     </span>
     <span class='ocr_line' id='line_1_7' title="bbox 65 856 942 932; baseline -0.003 -14"><span class='ocrx_word' id='word_1_41' title='bbox 65 879 132 918; x_wconf 89' lang='lat' dir='ltr'><strong>enm</strong></span> <span class='ocrx_word' id='word_1_42' title='bbox 146 860 340 932; x_wconf 77' lang='lat' dir='ltr'><strong>Pisonemque</strong></span> <span class='ocrx_word' id='word_1_43' title='bbox 354 857 417 924; x_wconf 84' lang='lat' dir='ltr'><strong>suit,</strong></span> <span class='ocrx_word' id='word_1_44' title='bbox 431 856 497 914; x_wconf 87' lang='lat' dir='ltr'><strong>aive</strong></span> <span class='ocrx_word' id='word_1_45' title='bbox 512 863 543 913; x_wconf 90' lang='lat' dir='ltr'><strong>ut</strong></span> <span class='ocrx_word' id='word_1_46' title='bbox 566 856 692 914; x_wconf 91' lang='lat' dir='ltr'><strong>Neronis</strong></span> <span class='ocrx_word' id='word_1_47' title='bbox 707 857 831 930; x_wconf 85' lang='lat' dir='ltr'><strong>gratiam</strong></span> <span class='ocrx_word' id='word_1_48' title='bbox 855 874 942 930; x_wconf 85' lang='lat' dir='ltr'><strong>pera·</strong></span> 
     </span>
     <span class='ocr_line' id='line_1_8' title="bbox 67 956 940 1033; baseline 0 -17"><span class='ocrx_word' id='word_1_49' title='bbox 67 965 123 1026; x_wconf 90' lang='lat' dir='ltr'><strong>rel,</strong></span> <span class='ocrx_word' id='word_1_50' title='bbox 144 958 195 1033; x_wconf 90' lang='lat' dir='ltr'><strong>qui</strong></span> <span class='ocrx_word' id='word_1_51' title='bbox 209 957 339 1016; x_wconf 74' lang='lat' dir='ltr'><strong>issemus</strong></span> <span class='ocrx_word' id='word_1_52' title='bbox 355 958 498 1021; x_wconf 83' lang='lat' dir='ltr'><strong>Senecae,</strong></span> <span class='ocrx_word' id='word_1_53' title='bbox 511 973 613 1014; x_wconf 84' lang='lat' dir='ltr'><strong>omnes</strong></span> <span class='ocrx_word' id='word_1_54' title='bbox 627 957 664 1014; x_wconf 89' lang='lat' dir='ltr'><strong>ad</strong></span> <span class='ocrx_word' id='word_1_55' title='bbox 684 973 751 1014; x_wconf 89' lang='lat' dir='ltr'><strong>eum</strong></span> <span class='ocrx_word' id='word_1_56' title='bbox 770 956 940 1029; x_wconf 85' lang='lat' dir='ltr'><strong>opprimen-</strong></span> 
     </span>
     <span class='ocr_line' id='line_1_9' title="bbox 66 1054 942 1132; baseline -0.005 -14"><span class='ocrx_word' id='word_1_57' title='bbox 66 1058 135 1119; x_wconf 87' lang='lat' dir='ltr'><strong>dum</strong></span> <span class='ocrx_word' id='word_1_58' title='bbox 148 1064 224 1114; x_wconf 86' lang='lat' dir='ltr'><strong>artes</strong></span> <span class='ocrx_word' id='word_1_59' title='bbox 245 1054 444 1132; x_wconf 77' lang='lat' dir='ltr'><strong>conquirebat.</strong></span> <span class='ocrx_word' id='word_1_60' title='bbox 486 1055 576 1122; x_wconf 72' lang='lat' dir='ltr'><strong>Tum,</strong></span> <span class='ocrx_word' id='word_1_61' title='bbox 597 1054 716 1129; x_wconf 85' lang='lat' dir='ltr'><strong>cognito</strong></span> <span class='ocrx_word' id='word_1_62' title='bbox 732 1056 759 1112; x_wconf 89' lang='lat' dir='ltr'>N</span> <span class='ocrx_word' id='word_1_63' title='bbox 762 1055 849 1114; x_wconf 87' lang='lat' dir='ltr'><strong>atatis</strong></span> <span class='ocrx_word' id='word_1_64' title='bbox 863 1054 942 1114; x_wconf 86' lang='lat' dir='ltr'><strong>indi·</strong></span> 
     </span>
     <span class='ocr_line' id='line_1_10' title="bbox 66 1143 941 1237; baseline -0.002 -23"><span class='ocrx_word' id='word_1_65' title='bbox 66 1155 294 1237; x_wconf 84' lang='lat' dir='ltr'><strong>cio,Scevinus</strong></span> <span class='ocrx_word' id='word_1_66' title='bbox 317 1172 437 1230; x_wconf 88' lang='lat' dir='ltr'><strong>quoque,</strong></span> <span class='ocrx_word' id='word_1_67' title='bbox 458 1153 521 1227; x_wconf 86' lang='lat' dir='ltr'><strong>pari</strong></span> <span class='ocrx_word' id='word_1_68' title='bbox 543 1153 746 1224; x_wconf 88' lang='lat' dir='ltr'><strong>inbecillitate,</strong></span> <span class='ocrx_word' id='word_1_69' title='bbox 768 1172 808 1212; x_wconf 85' lang='lat' dir='ltr'><strong>au</strong></span> <span class='ocrx_word' id='word_1_70' title='bbox 827 1143 941 1213; x_wconf 77' lang='lat' dir='ltr'><strong>cuncte</strong></span> 
     </span>
     <span class='ocr_line' id='line_1_11' title="bbox 67 1252 941 1328; baseline 0.002 -18"><span class='ocrx_word' id='word_1_71' title='bbox 67 1255 127 1314; x_wconf 88' lang='lat' dir='ltr'><strong>iam</strong></span> <span class='ocrx_word' id='word_1_72' title='bbox 140 1253 285 1328; x_wconf 74' lang='lat' dir='ltr'><strong>patefacta</strong></span> <span class='ocrx_word' id='word_1_73' title='bbox 307 1253 431 1310; x_wconf 85' lang='lat' dir='ltr'><strong>credens</strong></span> <span class='ocrx_word' id='word_1_74' title='bbox 444 1269 500 1310; x_wconf 91' lang='lat' dir='ltr'><strong>nec</strong></span> <span class='ocrx_word' id='word_1_75' title='bbox 516 1253 605 1310; x_wconf 87' lang='lat' dir='ltr'><strong>ullum</strong></span> <span class='ocrx_word' id='word_1_76' title='bbox 627 1252 737 1310; x_wconf 84' lang='lat' dir='ltr'><strong>silentii</strong></span> <span class='ocrx_word' id='word_1_77' title='bbox 758 1255 941 1312; x_wconf 85' lang='lat' dir='ltr'><strong>emolumen-</strong></span> 
     </span>
     <span class='ocr_line' id='line_1_12' title="bbox 69 1350 942 1426; baseline -0.002 -14"><span class='ocrx_word' id='word_1_78' title='bbox 69 1359 139 1421; x_wconf 86' lang='lat' dir='ltr'><strong>tum,</strong></span> <span class='ocrx_word' id='word_1_79' title='bbox 149 1352 241 1410; x_wconf 89' lang='lat' dir='ltr'><strong>edidit</strong></span> <span class='ocrx_word' id='word_1_80' title='bbox 261 1356 384 1410; x_wconf 84' lang='lat' dir='ltr'><strong>ceteros.</strong></span> <span class='ocrx_word' id='word_1_81' title='bbox 405 1369 444 1408; x_wconf 86' lang='lat' dir='ltr'><strong>ex</strong></span> <span class='ocrx_word' id='word_1_82' title='bbox 465 1350 568 1426; x_wconf 87' lang='lat' dir='ltr'><strong>quibus</strong></span> <span class='ocrx_word' id='word_1_83' title='bbox 583 1351 719 1410; x_wconf 84' lang='lat' dir='ltr'><strong>Lucanus</strong></span> <span class='ocrx_word' id='word_1_84' title='bbox 732 1351 942 1424; x_wconf 72' lang='lat' dir='ltr'><strong>Quinctianae</strong></span> 
     </span>
     <span class='ocr_line' id='line_1_13' title="bbox 68 1449 941 1528; baseline 0 -18"><span class='ocrx_word' id='word_1_85' title='bbox 68 1470 124 1528; x_wconf 92' lang='lat' dir='ltr'><strong>que</strong></span> <span class='ocrx_word' id='word_1_86' title='bbox 143 1457 174 1510; x_wconf 92' lang='lat' dir='ltr'><strong>et</strong></span> <span class='ocrx_word' id='word_1_87' title='bbox 194 1449 323 1510; x_wconf 82' lang='lat' dir='ltr'><strong>Senecio</strong></span> <span class='ocrx_word' id='word_1_88' title='bbox 336 1449 385 1508; x_wconf 90' lang='lat' dir='ltr'><strong>diu</strong></span> <span class='ocrx_word' id='word_1_89' title='bbox 399 1452 535 1518; x_wconf 77' lang='lat' dir='ltr'><strong>abnuere.</strong></span> <span class='ocrx_word' id='word_1_90' title='bbox 577 1449 657 1518; x_wconf 85' lang='lat' dir='ltr'><strong>Post,</strong></span> <span class='ocrx_word' id='word_1_91' title='bbox 671 1451 810 1520; x_wconf 85' lang='lat' dir='ltr'><strong>promissa</strong></span> <span class='ocrx_word' id='word_1_92' title='bbox 821 1451 941 1526; x_wconf 88' lang='lat' dir='ltr'><strong>inpuni-</strong></span> 
     </span>
     <span class='ocr_line' id='line_1_14' title="bbox 70 1549 939 1626; baseline 0 -16"><span class='ocrx_word' id='word_1_93' title='bbox 70 1556 130 1610; x_wconf 83' lang='lat' dir='ltr'><strong>tate</strong></span> <span class='ocrx_word' id='word_1_94' title='bbox 153 1551 297 1626; x_wconf 75' lang='lat' dir='ltr'><strong>conmori,</strong></span> <span class='ocrx_word' id='word_1_95' title='bbox 317 1567 374 1626; x_wconf 90' lang='lat' dir='ltr'><strong>quo</strong></span> <span class='ocrx_word' id='word_1_96' title='bbox 397 1549 562 1606; x_wconf 78' lang='lat' dir='ltr'><strong>tarditatem</strong></span> <span class='ocrx_word' id='word_1_97' title='bbox 575 1557 772 1620; x_wconf 73' lang='lat' dir='ltr'><strong>excursorem,</strong></span> <span class='ocrx_word' id='word_1_98' title='bbox 798 1551 939 1610; x_wconf 86' lang='lat' dir='ltr'><strong>Lucanus</strong></span> 
     </span>
     <span class='ocr_line' id='line_1_15' title="bbox 70 1645 942 1720; baseline -0.002 -11"><span class='ocrx_word' id='word_1_99' title='bbox 70 1649 190 1709; x_wconf 75' lang='lat' dir='ltr'><strong>Atilium</strong></span> <span class='ocrx_word' id='word_1_100' title='bbox 211 1655 329 1707; x_wconf 78' lang='lat' dir='ltr'><strong>murem</strong></span> <span class='ocrx_word' id='word_1_101' title='bbox 349 1663 440 1714; x_wconf 73' lang='lat' dir='ltr'><strong>suurn,</strong></span> <span class='ocrx_word' id='word_1_102' title='bbox 461 1645 657 1720; x_wconf 78' lang='lat' dir='ltr'><strong>Quinctianae</strong></span> <span class='ocrx_word' id='word_1_103' title='bbox 678 1645 798 1706; x_wconf 81' lang='lat' dir='ltr'><strong>Glitium</strong></span> <span class='ocrx_word' id='word_1_104' title='bbox 810 1647 942 1720; x_wconf 75' lang='lat' dir='ltr'><strong>Gallum,</strong></span> 
     </span>
     <span class='ocr_line' id='line_1_16' title="bbox 71 1743 942 1823; baseline -0.001 -16"><span class='ocrx_word' id='word_1_105' title='bbox 71 1749 199 1807; x_wconf 81' lang='lat' dir='ltr'><strong>Senecio</strong></span> <span class='ocrx_word' id='word_1_106' title='bbox 230 1744 353 1805; x_wconf 76' lang='lat' dir='ltr'><strong>Annium</strong></span> <span class='ocrx_word' id='word_1_107' title='bbox 386 1743 552 1814; x_wconf 75' lang='lat' dir='ltr'><strong>Pollionem,</strong></span> <span class='ocrx_word' id='word_1_108' title='bbox 575 1746 733 1805; x_wconf 86' lang='lat' dir='ltr'><strong>amicorum</strong></span> <span class='ocrx_word' id='word_1_109' title='bbox 758 1748 942 1823; x_wconf 85' lang='lat' dir='ltr'><strong>praecipuos,</strong></span> 
     </span>
     <span class='ocr_line' id='line_1_17' title="bbox 13 1845 943 1920; baseline -0.006 -9"><span class='ocrx_word' id='word_1_110' title='bbox 13 1846 57 1911; x_wconf 78' lang='lat' dir='ltr'><strong>sl</strong></span> <span class='ocrx_word' id='word_1_111' title='bbox 71 1847 269 1906; x_wconf 76' lang='lat' dir='ltr'><strong>nominavere.</strong></span> <span class='ocrx_word' id='word_1_112' title='bbox 309 1847 408 1920; x_wconf 81' lang='lat' dir='ltr'><strong>Atque</strong></span> <span class='ocrx_word' id='word_1_113' title='bbox 423 1845 548 1904; x_wconf 80' lang='lat' dir='ltr'><strong>interim</strong></span> <span class='ocrx_word' id='word_1_114' title='bbox 574 1845 655 1903; x_wconf 90' lang='lat' dir='ltr'><strong>Nero</strong></span> <span class='ocrx_word' id='word_1_115' title='bbox 681 1847 857 1915; x_wconf 84' lang='lat' dir='ltr'><strong>recordatus,</strong></span> <span class='ocrx_word' id='word_1_116' title='bbox 878 1848 943 1906; x_wconf 85' lang='lat' dir='ltr'><strong>Vo-</strong></span> 
     </span>
     <span class='ocr_line' id='line_1_18' title="bbox 68 1934 1045 2024; baseline -0.001 -17"><span class='ocrx_word' id='word_1_117' title='bbox 68 1946 135 2007; x_wconf 88' lang='lat' dir='ltr'><strong>lusii</strong></span> <span class='ocrx_word' id='word_1_118' title='bbox 160 1944 277 2004; x_wconf 79' lang='lat' dir='ltr'><strong>Proculi</strong></span> <span class='ocrx_word' id='word_1_119' title='bbox 303 1944 414 2002; x_wconf 89' lang='lat' dir='ltr'><strong>indicio</strong></span> <span class='ocrx_word' id='word_1_120' title='bbox 442 1943 601 2016; x_wconf 78' lang='lat' dir='ltr'><strong>Epicharin</strong></span> <span class='ocrx_word' id='word_1_121' title='bbox 635 1945 770 2014; x_wconf 86' lang='lat' dir='ltr'><strong>adlineri,</strong></span> <span class='ocrx_word' id='word_1_122' title='bbox 802 1953 940 2024; x_wconf 89' lang='lat' dir='ltr'><strong>ratusque</strong></span> <span class='ocrx_word' id='word_1_123' title='bbox 1044 1934 1045 1956; x_wconf 56' lang='lat'><strong>³</strong></span> 
     </span>
     <span class='ocr_line' id='line_1_19' title="bbox 67 2041 941 2117; baseline -0.005 -9"><span class='ocrx_word' id='word_1_124' title='bbox 67 2045 209 2108; x_wconf 82' lang='lat' dir='ltr'><strong>muliebre</strong></span> <span class='ocrx_word' id='word_1_125' title='bbox 220 2061 323 2117; x_wconf 86' lang='lat' dir='ltr'><strong>corpus</strong></span> <span class='ocrx_word' id='word_1_126' title='bbox 335 2043 418 2116; x_wconf 90' lang='lat' dir='ltr'><strong>inpar</strong></span> <span class='ocrx_word' id='word_1_127' title='bbox 428 2041 680 2112; x_wconf 55' lang='lat' dir='ltr'><strong>dorostorensem</strong></span> <span class='ocrx_word' id='word_1_128' title='bbox 688 2042 840 2104; x_wconf 70' lang='lat' dir='ltr'><strong>domari</strong></span> <span class='ocrx_word' id='word_1_129' title='bbox 849 2046 941 2106; x_wconf 86' lang='lat' dir='ltr'><strong>iubet.</strong></span> 
     </span>
     <span class='ocr_line' id='line_1_20' title="bbox 70 2141 942 2216; baseline 0 -11"><span class='ocrx_word' id='word_1_130' title='bbox 70 2146 114 2205; x_wconf 84' lang='lat' dir='ltr'><strong>At</strong></span> <span class='ocrx_word' id='word_1_131' title='bbox 123 2145 203 2202; x_wconf 87' lang='lat' dir='ltr'><strong>iliam</strong></span> <span class='ocrx_word' id='word_1_132' title='bbox 213 2161 273 2200; x_wconf 92' lang='lat' dir='ltr'><strong>non</strong></span> <span class='ocrx_word' id='word_1_133' title='bbox 289 2143 419 2208; x_wconf 86' lang='lat' dir='ltr'><strong>verbera,</strong></span> <span class='ocrx_word' id='word_1_134' title='bbox 428 2159 487 2200; x_wconf 89' lang='lat' dir='ltr'><strong>non</strong></span> <span class='ocrx_word' id='word_1_135' title='bbox 498 2141 593 2216; x_wconf 79' lang='lat' dir='ltr'><strong>ignea,</strong></span> <span class='ocrx_word' id='word_1_136' title='bbox 603 2161 662 2202; x_wconf 88' lang='lat' dir='ltr'><strong>uon</strong></span> <span class='ocrx_word' id='word_1_137' title='bbox 674 2143 717 2202; x_wconf 86' lang='lat' dir='ltr'><strong>ire</strong></span> <span class='ocrx_word' id='word_1_138' title='bbox 728 2145 869 2204; x_wconf 87' lang='lat' dir='ltr'><strong>eoacrius</strong></span> <span class='ocrx_word' id='word_1_139' title='bbox 883 2150 942 2205; x_wconf 93' lang='lat' dir='ltr'><strong>tor·</strong></span> 
     </span>
     <span class='ocr_line' id='line_1_21' title="bbox 67 2221 942 2322; baseline 0.005 -20"><span class='ocrx_word' id='word_1_140' title='bbox 67 2243 228 2320; x_wconf 85' lang='lat' dir='ltr'><strong>quentium,</strong></span> <span class='ocrx_word' id='word_1_141' title='bbox 248 2260 286 2300; x_wconf 83' lang='lat' dir='ltr'><strong>ue</strong></span> <span class='ocrx_word' id='word_1_142' title='bbox 297 2221 324 2299; x_wconf 76' lang='lat' dir='ltr'><strong>¹a</strong></span> <span class='ocrx_word' id='word_1_143' title='bbox 343 2240 451 2298; x_wconf 74' lang='lat' dir='ltr'><strong>femina</strong></span> <span class='ocrx_word' id='word_1_144' title='bbox 464 2248 676 2314; x_wconf 87' lang='lat' dir='ltr'><strong>spernerentur,</strong></span> <span class='ocrx_word' id='word_1_145' title='bbox 691 2244 853 2317; x_wconf 84' lang='lat' dir='ltr'><strong>pervicere,</strong></span> <span class='ocrx_word' id='word_1_146' title='bbox 867 2247 942 2322; x_wconf 87' lang='lat' dir='ltr'><strong>quin</strong></span> 
     </span>
     <span class='ocr_line' id='line_1_22' title="bbox 28 2339 942 2416; baseline 0.003 -14"><span class='ocrx_word' id='word_1_147' title='bbox 28 2376 31 2382; x_wconf 95' lang='lat'>·</span> <span class='ocrx_word' id='word_1_148' title='bbox 69 2344 187 2402; x_wconf 86' lang='lat' dir='ltr'><strong>obiecta</strong></span> <span class='ocrx_word' id='word_1_149' title='bbox 216 2343 383 2416; x_wconf 79' lang='lat' dir='ltr'><strong>denegaret.</strong></span> <span class='ocrx_word' id='word_1_150' title='bbox 437 2340 489 2398; x_wconf 87' lang='lat' dir='ltr'><strong>Sic</strong></span> <span class='ocrx_word' id='word_1_151' title='bbox 519 2339 626 2412; x_wconf 83' lang='lat' dir='ltr'><strong>primus</strong></span> <span class='ocrx_word' id='word_1_152' title='bbox 664 2344 843 2416; x_wconf 76' lang='lat' dir='ltr'><strong>quaestionis</strong></span> <span class='ocrx_word' id='word_1_153' title='bbox 876 2347 942 2406; x_wconf 86' lang='lat' dir='ltr'><strong>dies</strong></span> 
     </span>
     <span class='ocr_line' id='line_1_23' title="bbox 34 2437 941 2517; baseline -0.002 -15"><span class='ocrx_word' id='word_1_154' title='bbox 34 2501 38 2517; x_wconf 77' lang='grc'>,</span> <span class='ocrx_word' id='word_1_155' title='bbox 68 2447 263 2516; x_wconf 85' lang='lat' dir='ltr'><strong>contemptus.</strong></span> <span class='ocrx_word' id='word_1_156' title='bbox 318 2437 447 2506; x_wconf 82' lang='lat' dir='ltr'><strong>Postero,</strong></span> <span class='ocrx_word' id='word_1_157' title='bbox 476 2455 544 2498; x_wconf 89' lang='lat' dir='ltr'><strong>curn</strong></span> <span class='ocrx_word' id='word_1_158' title='bbox 573 2440 611 2496; x_wconf 87' lang='lat' dir='ltr'><strong>ad</strong></span> <span class='ocrx_word' id='word_1_159' title='bbox 644 2443 762 2500; x_wconf 86' lang='lat' dir='ltr'><strong>eosdem</strong></span> <span class='ocrx_word' id='word_1_160' title='bbox 792 2445 941 2504; x_wconf 78' lang='lat' dir='ltr'><strong>cruciatus</strong></span> 
     </span>
     <span class='ocr_line' id='line_1_24' title="bbox 33 2535 943 2615; baseline 0 -13"><span class='ocrx_word' id='word_1_161' title='bbox 33 2539 37 2579; x_wconf 70' lang='lat'>³</span> <span class='ocrx_word' id='word_1_162' title='bbox 70 2543 263 2602; x_wconf 87' lang='lat' dir='ltr'><strong>retraheretur</strong></span> <span class='ocrx_word' id='word_1_163' title='bbox 283 2539 444 2614; x_wconf 81' lang='lat' dir='ltr'><strong>gestamine</strong></span> <span class='ocrx_word' id='word_1_164' title='bbox 464 2539 565 2604; x_wconf 84' lang='lat' dir='ltr'><strong>sellae,</strong></span> <span class='ocrx_word' id='word_1_165' title='bbox 587 2535 669 2615; x_wconf 85' lang='lat' dir='ltr'><strong>(urm</strong></span> <span class='ocrx_word' id='word_1_166' title='bbox 690 2541 837 2600; x_wconf 85' lang='lat' dir='ltr'><strong>dissolutis</strong></span> <span class='ocrx_word' id='word_1_167' title='bbox 851 2562 943 2603; x_wconf 85' lang='lat' dir='ltr'><strong>meur·</strong></span> 
     </span>
     <span class='ocr_line' id='line_1_25' title="bbox 70 2636 942 2720; baseline 0.002 -20"><span class='ocrx_word' id='word_1_168' title='bbox 70 2643 129 2700; x_wconf 87' lang='lat' dir='ltr'><strong>bris</strong></span> <span class='ocrx_word' id='word_1_169' title='bbox 143 2641 277 2700; x_wconf 81' lang='lat' dir='ltr'><strong>insistere</strong></span> <span class='ocrx_word' id='word_1_170' title='bbox 293 2636 568 2720; x_wconf 55' lang='lat' dir='ltr'><strong>nequibatfflrincio,</strong></span> <span class='ocrx_word' id='word_1_171' title='bbox 582 2639 700 2708; x_wconf 78' lang='lat' dir='ltr'><strong>tasciae,</strong></span> <span class='ocrx_word' id='word_1_172' title='bbox 719 2659 805 2716; x_wconf 83' lang='lat' dir='ltr'><strong>quem</strong></span> <span class='ocrx_word' id='word_1_173' title='bbox 826 2643 942 2718; x_wconf 90' lang='lat' dir='ltr'><strong>pectori</strong></span> 
     </span>
     <span class='ocr_line' id='line_1_26' title="bbox 68 2737 942 2822; baseline 0.002 -23"><span class='ocrx_word' id='word_1_174' title='bbox 68 2743 245 2805; x_wconf 79' lang='lat' dir='ltr'><strong>detraxerat,</strong></span> <span class='ocrx_word' id='word_1_175' title='bbox 266 2737 297 2794; x_wconf 89' lang='lat' dir='ltr'><strong>in</strong></span> <span class='ocrx_word' id='word_1_176' title='bbox 318 2739 436 2794; x_wconf 69' lang='lat' dir='ltr'><strong>medua.</strong></span> <span class='ocrx_word' id='word_1_177' title='bbox 449 2737 545 2822; x_wconf 81' lang='lat' dir='ltr'><strong>laquei</strong></span> <span class='ocrx_word' id='word_1_178' title='bbox 557 2739 593 2795; x_wconf 87' lang='lat' dir='ltr'><strong>ad</strong></span> <span class='ocrx_word' id='word_1_179' title='bbox 607 2757 704 2796; x_wconf 87' lang='lat' dir='ltr'><strong>arcum</strong></span> <span class='ocrx_word' id='word_1_180' title='bbox 720 2743 811 2798; x_wconf 85' lang='lat' dir='ltr'><strong>sellae</strong></span> <span class='ocrx_word' id='word_1_181' title='bbox 825 2743 942 2802; x_wconf 90' lang='lat' dir='ltr'><strong>restric-</strong></span> 
     </span>
     <span class='ocr_line' id='line_1_27' title="bbox 71 2835 943 2911; baseline 0 -12"><span class='ocrx_word' id='word_1_182' title='bbox 71 2847 111 2904; x_wconf 89' lang='lat' dir='ltr'><strong>to,</strong></span> <span class='ocrx_word' id='word_1_183' title='bbox 131 2837 237 2896; x_wconf 77' lang='lat' dir='ltr'><strong>indidit</strong></span> <span class='ocrx_word' id='word_1_184' title='bbox 257 2835 415 2901; x_wconf 87' lang='lat' dir='ltr'><strong>cervicem,</strong></span> <span class='ocrx_word' id='word_1_185' title='bbox 435 2839 475 2902; x_wconf 91' lang='lat' dir='ltr'><strong>et,</strong></span> <span class='ocrx_word' id='word_1_186' title='bbox 502 2837 629 2909; x_wconf 84' lang='lat' dir='ltr'><strong>corporis</strong></span> <span class='ocrx_word' id='word_1_187' title='bbox 652 2839 779 2911; x_wconf 89' lang='lat' dir='ltr'><strong>pondere</strong></span> <span class='ocrx_word' id='word_1_188' title='bbox 807 2841 943 2911; x_wconf 87' lang='lat' dir='ltr'><strong>connisa,</strong></span> 
     </span>
     <span class='ocr_line' id='line_1_28' title="bbox 6 2917 945 3022; baseline -0.003 -20"><span class='ocrx_word' id='word_1_189' title='bbox 6 2917 24 3022; x_wconf 30' lang='grc' dir='ltr'><strong>μ’</strong></span> <span class='ocrx_word' id='word_1_190' title='bbox 70 2947 189 3002; x_wconf 86' lang='lat' dir='ltr'><strong>tenuem</strong></span> <span class='ocrx_word' id='word_1_191' title='bbox 216 2937 274 2996; x_wconf 87' lang='lat' dir='ltr'><strong>iarn</strong></span> <span class='ocrx_word' id='word_1_192' title='bbox 300 2936 432 3010; x_wconf 86' lang='lat' dir='ltr'><strong>spiritum</strong></span> <span class='ocrx_word' id='word_1_193' title='bbox 462 2937 621 3010; x_wconf 85' lang='lat' dir='ltr'><strong>expressit:</strong></span> <span class='ocrx_word' id='word_1_194' title='bbox 652 2939 775 2996; x_wconf 85' lang='lat' dir='ltr'><strong>clariore</strong></span> <span class='ocrx_word' id='word_1_195' title='bbox 802 2943 945 3014; x_wconf 83' lang='lat' dir='ltr'><strong>exemplo</strong></span> 
     </span>
     <span class='ocr_line' id='line_1_29' title="bbox 6 3031 943 3106; baseline -0.001 -7"><span class='ocrx_word' id='word_1_196' title='bbox 6 3031 19 3045; x_wconf 75' lang='grc'>”</span> <span class='ocrx_word' id='word_1_197' title='bbox 72 3041 208 3101; x_wconf 85' lang='lat' dir='ltr'><strong>libertina</strong></span> <span class='ocrx_word' id='word_1_198' title='bbox 235 3037 346 3104; x_wconf 87' lang='lat' dir='ltr'><strong>mulier,</strong></span> <span class='ocrx_word' id='word_1_199' title='bbox 377 3036 408 3092; x_wconf 89' lang='lat' dir='ltr'><strong>in</strong></span> <span class='ocrx_word' id='word_1_200' title='bbox 442 3041 524 3091; x_wconf 84' lang='lat' dir='ltr'><strong>tanta</strong></span> <span class='ocrx_word' id='word_1_201' title='bbox 557 3037 745 3106; x_wconf 81' lang='lat' dir='ltr'><strong>necessitate,</strong></span> <span class='ocrx_word' id='word_1_202' title='bbox 764 3039 877 3096; x_wconf 86' lang='lat' dir='ltr'><strong>alienos</strong></span> <span class='ocrx_word' id='word_1_203' title='bbox 905 3056 943 3098; x_wconf 87' lang='lat' dir='ltr'><strong>ac</strong></span> 
     </span>
     <span class='ocr_line' id='line_1_30' title="bbox 71 3134 943 3218; baseline 0.001 -23"><span class='ocrx_word' id='word_1_204' title='bbox 71 3159 162 3218; x_wconf 76' lang='lat' dir='ltr'><strong>prope</strong></span> <span class='ocrx_word' id='word_1_205' title='bbox 191 3139 307 3213; x_wconf 77' lang='lat' dir='ltr'><strong>ignotos</strong></span> <span class='ocrx_word' id='word_1_206' title='bbox 329 3134 517 3208; x_wconf 82' lang='lat' dir='ltr'><strong>protegendo,</strong></span> <span class='ocrx_word' id='word_1_207' title='bbox 538 3152 605 3193; x_wconf 92' lang='lat' dir='ltr'><strong>cum</strong></span> <span class='ocrx_word' id='word_1_208' title='bbox 626 3135 756 3211; x_wconf 85' lang='lat' dir='ltr'><strong>ingenui,</strong></span> <span class='ocrx_word' id='word_1_209' title='bbox 769 3142 799 3195; x_wconf 88' lang='lat' dir='ltr'><strong>et</strong></span> <span class='ocrx_word' id='word_1_210' title='bbox 822 3137 888 3206; x_wconf 84' lang='lat' dir='ltr'><strong>viri,</strong></span> <span class='ocrx_word' id='word_1_211' title='bbox 908 3143 943 3197; x_wconf 86' lang='lat' dir='ltr'><strong>et</strong></span> 
     </span>
     <span class='ocr_line' id='line_1_31' title="bbox 71 3233 950 3318; baseline -0.003 -19"><span class='ocrx_word' id='word_1_212' title='bbox 71 3241 194 3318; x_wconf 83' lang='lat' dir='ltr'><strong>Equites</strong></span> <span class='ocrx_word' id='word_1_213' title='bbox 238 3233 363 3295; x_wconf 80' lang='lat' dir='ltr'><strong>Romani</strong></span> <span class='ocrx_word' id='word_1_214' title='bbox 399 3233 623 3308; x_wconf 73' lang='lat' dir='ltr'><strong>senatoresque,</strong></span> <span class='ocrx_word' id='word_1_215' title='bbox 663 3235 769 3294; x_wconf 85' lang='lat' dir='ltr'><strong>intacti</strong></span> <span class='ocrx_word' id='word_1_216' title='bbox 814 3237 950 3296; x_wconf 87' lang='lat' dir='ltr'><strong>tormen·&#39;</strong></span> 
     </span>
     <span class='ocr_line' id='line_1_32' title="bbox 72 3330 945 3409; baseline -0.007 -9"><span class='ocrx_word' id='word_1_217' title='bbox 72 3343 121 3408; x_wconf 89' lang='lat' dir='ltr'><strong>tir,</strong></span> <span class='ocrx_word' id='word_1_218' title='bbox 163 3337 312 3397; x_wconf 80' lang='lat' dir='ltr'><strong>carissima</strong></span> <span class='ocrx_word' id='word_1_219' title='bbox 346 3348 460 3388; x_wconf 86' lang='lat' dir='ltr'><strong>suornm</strong></span> <span class='ocrx_word' id='word_1_220' title='bbox 499 3330 619 3406; x_wconf 88' lang='lat' dir='ltr'><strong>quisque</strong></span> <span class='ocrx_word' id='word_1_221' title='bbox 653 3333 805 3408; x_wconf 80' lang='lat' dir='ltr'><strong>pignorum</strong></span> <span class='ocrx_word' id='word_1_222' title='bbox 839 3337 945 3409; x_wconf 87' lang='lat' dir='ltr'><strong>prode·</strong></span> 
     </span>
     <span class='ocr_line' id='line_1_33' title="bbox 71 3427 944 3510; baseline -0.006 -10"><span class='ocrx_word' id='word_1_223' title='bbox 71 3443 148 3500; x_wconf 81' lang='lat' dir='ltr'><strong>rent.</strong></span> <span class='ocrx_word' id='word_1_224' title='bbox 188 3437 258 3496; x_wconf 90' lang='lat' dir='ltr'><strong>Non</strong></span> <span class='ocrx_word' id='word_1_225' title='bbox 279 3430 359 3489; x_wconf 88' lang='lat' dir='ltr'><strong>enim</strong></span> <span class='ocrx_word' id='word_1_226' title='bbox 388 3427 563 3486; x_wconf 85' lang='lat' dir='ltr'><strong>omittebant</strong></span> <span class='ocrx_word' id='word_1_227' title='bbox 592 3431 729 3490; x_wconf 85' lang='lat' dir='ltr'><strong>Lucanus</strong></span> <span class='ocrx_word' id='word_1_228' title='bbox 764 3450 876 3510; x_wconf 88' lang='lat' dir='ltr'><strong>quoque</strong></span> <span class='ocrx_word' id='word_1_229' title='bbox 910 3441 944 3495; x_wconf 86' lang='lat' dir='ltr'><strong>et</strong></span> 
     </span>
    </p>
   </div>
   <div class='ocr_carea' id='block_1_3' title="bbox 0 0 1065 3816">
    <p class='ocr_par' dir='ltr' id='par_1_3' title="bbox 0 0 1065 3816">
     <span class='ocr_line' id='line_1_34' title="bbox 0 0 1065 3816; baseline 0 0"><span class='ocrx_word' id='word_1_230' title='bbox 0 0 1065 3816; x_wconf 95' lang='lat' dir='ltr'><strong> </strong></span> 
     </span>
    </p>
   </div>
  </div>
 </body>
</html>
