2100 3834
96 150 167 220 ³³6
398 169 652 250 ursnonnuuu
817 169 897 220 nv.
912 171 981 242 ru·

94 324 217 398 partium
232 325 415 399 praetendit:
437 325 532 382 missis
546 344 616 384 eene
630 325 666 382 ad
681 341 747 382 eum
761 323 855 384 Primi
872 327 964 384 Anto·

95 421 137 479 nii
152 421 263 488 litteris,
286 421 396 498 quibus,
410 428 560 478 ‘avertere
584 421 680 478 neuile
694 421 822 478 Vitellio
842 422 963 488 auxilie,

95 527 154 588 ‘el,
169 523 304 578 tumultus
327 521 497 578 Germanici
518 521 626 592 specie,
650 526 795 576 retentare
816 517 965 594 legionee‚’

95 621 254 676 iubebatur.
315 621 427 676 Eadem
459 619 643 676 Hordeonius
679 620 806 674 Flaccus
827 635 963 691 praesens

94 724 254 786 monuerat,
279 717 421 775 inclinato
442 718 472 776 iu
487 717 701 790 Vespasianum
722 717 831 783 auimo,
853 723 883 772 et
899 715 965 774 Rei·

95 817 228 890 publicae
249 833 335 885 oure3
356 816 404 873 oui
425 816 572 872 excidium
593 817 782 882 adventabat,
810 816 836 871 ei
871 815 963 872 redin-

95 919 236 990 legratnm
252 917 358 972 bellum
374 920 404 970 et
418 921 459 970 tot
485 921 658 972 armatorum
683 915 774 971 millia
790 915 907 972 ltaliam
922 915 964 988 in·¹

45 1016 246 1086 irrupissent.
289 1015 381 1086 Igitur
402 1013 519 1078 Ciuilis,
542 1013 726 1070 desciscendi
741 1021 848 1079 certus,
868 1016 962 1070 oecul-

95 1119 156 1170 lalo
170 1113 285 1172 interim
300 1112 401 1168 altiore
415 1112 547 1178 consilio,
571 1119 669 1168 cetera
694 1130 732 1170 ex
756 1119 868 1168 eventu
892 1111 963 1169 iudi·

94 1218 218 1275 oulurus,
233 1228 341 1268 novare
356 1229 400 1267 ree
415 1211 470 1268 boo
489 1211 575 1267 inodo
589 1193 695 1283 eoepit.
738 1211 822 1267 Iussu
837 1209 964 1278 Vitellii,

96 1311 274 1368 Batavorum
298 1309 436 1366 inventus
450 1310 486 1365 ari
505 1310 650 1366 delectum
672 1311 849 1377 vocabalum
870 1327 963 1379 quem,

96 1413 197 1482 euepte
211 1413 314 1464 natura
326 1425 456 1482 gravem,
470 1409 630 1464 onerabant
645 1407 768 1464 ministri
783 1409 908 1464 avaritia
928 1424 963 1464 uo

96 1511 178 1576 luxu,
198 1526 285 1566 senes
303 1514 352 1565 aut
382 1507 528 1566 invalidos
561 1508 767 1581 conquirendo,
802 1525 874 1581 quoe
905 1525 964 1580 pre·
1040 1519 1041 1540 ²

98 1607 139 1667 tio
173 1608 361 1666 dimitterent.
396 1624 491 1664 rursus
524 1607 656 1680 inpubes,
689 1608 740 1663 eerl
774 1608 865 1664 torma
899 1625 965 1663 con·

97 1707 192 1784 epioni
205 1705 248 1786 (el
262 1713 306 1764 eet
328 1707 472 1782 plerisque
487 1724 607 1780 procera
631 1706 767 1783 pueritia)
786 1708 822 1762 ud
838 1713 966 1777 stuprum

97 1808 292 1864 trahebantur.
334 1806 413 1864 Hine
437 1804 566 1862 invidia:
588 1811 618 1862 et
648 1805 828 1878 compositae
850 1805 964 1862 reditio·

96 1903 142 1962 nie
176 1911 308 1962 auotoree
352 1907 511 1978 perpulere,
544 1909 575 1961 ut
609 1906 755 1961 delectum
795 1905 963 1961 abnuerent

98 2003 205 2062 Civilis
220 2003 357 2076 primores
381 2004 477 2078 gentis
497 2010 527 2060 et
549 2003 776 2076 promptissimos
792 2003 883 2076 vulgi,
903 2019 964 2074 epe·

96 2102 143 2162 oie
171 2105 328 2176 epularum,
360 2119 473 2160 enorum
494 2103 524 2160 in
555 2120 657 2159 nemus
679 2109 808 2168 vocator,
825 2101 877 2158 ubi
899 2118 964 2158 noo·

97 2207 127 2260 te
147 2218 182 2259 ao
213 2201 326 2258 laetitia
356 2201 513 2258 inualuieee
552 2201 645 2267 videt,
673 2201 796 2258 alaude
817 2200 963 2274 gloriaque

97 2300 192 2378 gentle
212 2318 301 2368 oreue,
330 2299 449 2357 iniuriae
482 2305 512 2356 et
543 2306 639 2372 raptus
671 2277 700 2356 et
721 2303 820 2354 cetera
851 2295 964 2353 servitii

97 2403 173 2460 mala
193 2403 351 2457 enumerat
393 2399 518 2472 ‘Neque
540 2397 619 2454 enim
644 2395 825 2462 societatem,
841 2401 873 2452 ut
887 2397 964 2464 olim,
1039 2443 1040 2446 ,

97 2500 165 2556 ‘eed
188 2503 333 2572 tamquam
358 2496 504 2569 mancipia
529 2495 646 2552 haberi:
668 2495 784 2568 quarrdo
812 2495 964 2568 Legatum,

96 2597 198 2670 ‘gravi
212 2597 327 2671 quidem
341 2595 480 2652 comitatu
495 2600 524 2650 et
546 2595 668 2666 superbo
682 2609 748 2649 cunr
770 2593 904 2666 imperio,
919 2612 964 2650 ue·

97 2693 201 2753 ‘niret
221 2697 295 2752 tradi
322 2713 354 2751 ee
376 2694 535 2751 Praefectis
563 2692 864 2766 centurionibusque:
897 2709 964 2766 quoe

95 2795 165 2851 ‘ubi
188 2795 289 2864 spoliis
304 2800 333 2850 et
357 2792 498 2867 sanguine
512 2791 708 2864 exrrleverinb
730 2791 844 2856 mutari,
866 2791 965 2865 exqui-

95 2893 191 2967 ‘rique
208 2910 298 2948 novos
313 2891 404 2961 sinus,
416 2899 446 2948 et
462 2892 541 2947 varia
557 2890 714 2964 praeliandi
732 2891 886 2946 vocabula.
920 2891 965 2946 In-

124 3046 265 3106 Preetendil]
297 3045 399 3101 Siruulet,
415 3047 444 3091 ed
461 3045 556 3102 tegenda
566 3042 659 3090 coneilie
669 3043 748 3090 utitur.
782 3042 964 3102 intelligendum

96 3106 199 3211 rgrurnr'lib.
233 3106 267 3150 lla
287 3104 401 3150 simulatio
424 3107 483 3151 unde
504 3103 600 3165 rpeeienr
624 3103 744 3163 acceperit,
764 3102 841 3148 rtatim
863 3103 965 3148 trarsrtur.
1038 3121 1039 3134 π

124 3242 221 3294 Qurrrrlo
241 3241 359 3298 Legatum]
391 3241 454 3286 Nota
478 3239 628 3298 interrogandi
653 3240 710 3286 haee
732 3240 876 3301 erriprerirn:
900 3245 967 3302 atque

95 3301 248 3358 interpreter:
275 3301 317 3352 lin,
328 3313 396 3357 urqne
411 3313 439 3342 eo
449 3299 505 3343 viles
521 3299 628 3344 Romanii
644 3314 726 3350 eurnnr.
742 3307 767 3345 ut
782 3315 828 3347 aon
839 3301 919 3358 legati
930 3304 968 3345 aut

96 3359 212 3403 Praetores
223 3359 301 3402 ealtern
317 3356 486 3414 noudiripiantr
510 3357 533 3401 id
548 3362 596 3408 est..
607 3357 758 3404 honestiorum
774 3359 876 3404 manibus
890 3373 969 3419 peren·
1038 3383 1039 3386 ¹

95 3429 155 3459 inus·
174 3417 212 3460 sed
224 3414 340 3460 latrunculi
356 3413 441 3472 aliquot
457 3414 543 3470 minuti,
561 3415 669 3460 Praefecti
680 3423 704 3461 et
715 3417 864 3464 Centuriones
904 3417 967 3473 Lipr.
1038 3439 1039 3442 ¹

123 3491 266 3552 nequiterque
275 3503 338 3538 murt
348 3490 420 3570 near]
451 3490 513 3538 Beue
530 3491 577 3553 trip.
590 3491 633 3538 hue
643 3494 749 3544 adserunt
766 3496 838 3544 lorum
849 3496 917 3546 Plinii
928 3497 969 3553 Xl,
