2100 3834
94 190 224 242 soma
334 191 405 240 nm.
431 185 483 239 ttt.
531 187 612 240 cnr.
640 169 807 241 ud-stt.
893 167 965 242 287

94 345 216 403 lectum.
237 344 307 404 dein
326 345 427 413 ceteri,
451 346 612 418 composita
635 347 847 422 indignatione,
873 347 970 422 ‘quod

96 445 230 503 ‘comat
266 445 496 516 liempubticom,
525 447 595 504 Dux
632 447 848 519 Imperatorem,
881 445 970 503 tantis

97 543 232 615 ‘opibus
245 550 287 602 tot
311 546 468 602 bonoribus
486 547 659 610 cumulatus,
674 548 799 603 amicum
830 545 969 618 prodidis-

99 642 183 712 ‘set,’
203 646 286 702 velut
307 661 358 718 pro
372 644 497 702 Vitellio
510 653 732 720 conquerentes,
746 661 828 702 suum
842 645 972 702 dolorem

97 743 291 816 proterebant.
346 745 437 801 Nulla
470 744 501 800 in
534 743 668 802 oratione
701 729 871 818 cuiusquam
902 761 971 817 erge

97 841 261 899 Flavianos
297 843 397 900 Duces
423 843 609 900 obtrectatio.
644 849 791 898 ‘errorem
817 841 971 915 inpruden-

96 929 246 1014 ‘tiamque
259 940 450 998 exercituum'
480 944 642 1013 culpantes,
658 941 836 1012 Vespasiani
863 957 969 998 nomeu

96 1039 232 1109 suspensi
246 1045 275 1096 et
297 1039 449 1096 vitabundi
470 1041 676 1098 circumibant.
717 1041 783 1097 Nec
797 1039 899 1106 deluit,
921 1039 971 1114 qui

95 1153 187 1194 unum
201 1139 377 1195 Consulatus
390 1140 468 1196 diem
489 1136 529 1213 (is
543 1139 633 1206 euim,
647 1137 678 1194 ln
701 1141 797 1196 locum
812 1138 971 1205 Coscinus,

96 1234 259 1312 supererat)
274 1241 380 1310 ma'gno
399 1255 466 1296 cum
487 1239 579 1296 inrisu
607 1238 761 1298 tribuentis
787 1239 972 1313 accipientis·

97 1349 162 1410 ipre,
190 1337 396 1394 eblandiretur.
428 1337 520 1410 pridie
551 1338 618 1395 Ksi.
654 1337 831 1394 Novembris
866 1339 971 1396 Rosius

97 1435 229 1508 Regulus
270 1435 347 1503 iniit,
387 1435 577 1510 eiursvltqoe.
640 1437 832 1494 Adnolubant
872 1437 969 1510 periti,

96 1538 273 1608 ‘numquam
294 1541 390 1601 antea,
414 1551 472 1592 non
502 1537 642 1608 abrogato
667 1532 850 1608 Magistralu,
875 1551 970 1608 nequo

94 1634 182 1706 ‘lege
197 1635 266 1699 lats,
286 1633 375 1690 alium
393 1631 566 1690 suffectum?
586 1650 655 1691 nam
682 1633 794 1691 Consul
808 1649 866 1690 uno
879 1632 927 1690 die
940 1638 972 1691 et

97 1737 166 1788 ente
182 1731 275 1788 inerat
290 1733 432 1790 conicias
452 1733 583 1800 Rebilus,
603 1732 640 1790 0.
662 1731 789 1790 cessere
808 1732 971 1800 Dictatore,

97 1829 251 1888 cumbelli
273 1831 374 1888 civilis
401 1831 529 1904 proemia
556 1831 772 1888 iestinsrertnr.
813 1831 893 1889 Nota
917 1833 1022 1906 pertin

97 1943 148 1987 eos
162 1929 227 1986 dies
254 1929 333 1986 iunii
362 1930 460 1986 Blaesi
476 1945 562 1996 mors,
582 1934 612 1986 et
631 1930 741 1988 lamone
761 1931 835 1988 tutt:
856 1931 893 1988 de
914 1949 971 2006 qun

96 2028 142 2086 sic
162 2027 337 2100 accepimus
380 2027 475 2086 Gravi
495 2029 623 2100 corperis
642 2031 744 2086 morbo
767 2047 855 2103 aeger
874 2030 970 2088 Vitel-

97 2127 164 2194 iius,
195 2127 370 2184 Servilianis
404 2127 504 2193 bortis,
536 2129 635 2185 turrim
662 2129 764 2185 vicino
787 2130 873 2184 eitam
899 2145 970 2186 oon·

97 2227 207 2290 lucere,
229 2243 280 2300 per
306 2232 433 2293 noctem,
461 2227 570 2284 crebris
604 2227 760 2284 luminibus
787 2226 969 2283 animadver-

97 2325 142 2384 stt.
185 2326 357 2384 sciscitanti
376 2341 519 2392 cansssm,
539 2326 634 2397 ‘apud
649 2325 809 2382 Caecinam
834 2323 966 2381 Tuscum

94 2425 227 2500 v‘epulari
242 2427 354 2496 multos,
367 2425 551 2499 praecipuum
567 2421 801 2482 bonorelunium
813 2423 968 2491 Bisesnm‚'

96 2526 255 2584 nuntiator.
276 2524 420 2582 oeterain
446 2524 546 2590 maius,
560 2525 598 2580 de
626 2524 783 2595 ‘adparatu
811 2529 841 2580 et
865 2523 967 2580 solutis

97 2633 108 2662 ⁸
118 2623 150 2682 in
165 2623 320 2682 lasciviam
333 2621 459 2681 animis!
477 2637 534 2680 nec
553 2621 682 2689 deluere,
701 2621 750 2696 qui
764 2622 859 2696 ipsum
889 2617 966 2679 'l'o's-

96 2738 163 2780 cnm
176 2721 304 2787 elalius,
327 2723 379 2779 sed
406 2720 589 2778 criminosius
614 2721 763 2784 Blaesum,
783 2720 968 2790 incusarent,

95 2822 201 2898 ‘qnod
221 2837 309 2894 aegro
323 2821 470 2894 Principe,
491 2823 583 2877 laetos
597 2819 660 2877 dies
685 2818 805 2894 egeret?
845 2819 908 2878 Vbi
922 2837 965 2878 ss·

96 2925 229 2997 peratum
243 2919 410 2986 Vitellium,
431 2925 461 2976 et
475 2934 559 2992 posse
574 2919 710 2976 Blaesum
731 2919 871 2992 perverti,
896 2919 969 2979 entis

97 3014 252 3096 puluillis,
278 3019 327 3093 qui
341 3018 511 3090 Principum
533 3017 658 3075 offensas
685 3017 792 3075 ecriler
816 3019 968 3090 speculan·

96 3126 150 3189 lar,
164 3121 250 3177 delae
265 3119 301 3176 L.
322 3116 448 3175 Vitellio
461 3117 616 3176 deletionis
627 3124 730 3191 partes.
773 3115 968 3174 liteiniensns

96 3221 217 3286 Blaeso,
231 3217 427 3276 aemulatione
441 3235 538 3290 prava,
552 3218 627 3292 quod
639 3217 807 3284 cumomni
821 3217 966 3275 dedecore

94 3319 276 3386 maculosum
297 3314 413 3389 egregia
437 3315 513 3372 lama
540 3315 680 3381 anteibat,
708 3314 874 3372 cubiculum
909 3315 965 3372 lm·

96 3415 239 3493 paratoria
252 3420 370 3481 reserat,
391 3413 482 3472 lilium
501 3413 564 3470 eius
577 3413 642 3469 sinu
666 3414 837 3484 complexus
859 3416 891 3468 et
916 3427 963 3486 ge·
