<?xml version="1.0" encoding="UTF-8"?>
<!DOCTYPE html PUBLIC "-//W3C//DTD XHTML 1.0 Transitional//EN"
    "http://www.w3.org/TR/xhtml1/DTD/xhtml1-transitional.dtd">
<html xmlns="http://www.w3.org/1999/xhtml" xml:lang="en" lang="en">
 <head>
  <title>
</title>
<meta http-equiv="Content-Type" content="text/html;charset=utf-8" />
  <meta name='ocr-system' content='tesseract 3.04.00' />
  <meta name='ocr-capabilities' content='ocr_page ocr_carea ocr_par ocr_line ocrx_word'/>
</head>
<body>
  <div class='ocr_page' id='page_1' title='image "./operaexrecensio02tacigoog_0352.png"; bbox 0 0 2100 3834; ppageno 0'>
   <div class='ocr_carea' id='block_1_1' title="bbox 82 158 943 230">
    <p class='ocr_par' dir='ltr' id='par_1_1' title="bbox 82 158 943 230">
     <span class='ocr_line' id='line_1_1' title="bbox 82 158 943 230; baseline 0.002 -4"><span class='ocrx_word' id='word_1_1' title='bbox 82 179 210 229; x_wconf 57' lang='lat' dir='ltr'><strong>mem</strong></span> <span class='ocrx_word' id='word_1_2' title='bbox 317 179 386 226; x_wconf 79' lang='lat' dir='ltr'><strong>nra.</strong></span> <span class='ocrx_word' id='word_1_3' title='bbox 413 180 460 230; x_wconf 87' lang='lat' dir='ltr'><strong>ru.</strong></span> <span class='ocrx_word' id='word_1_4' title='bbox 508 180 586 228; x_wconf 78' lang='lat' dir='ltr'><strong>car.</strong></span> <span class='ocrx_word' id='word_1_5' title='bbox 616 159 671 228; x_wconf 87' lang='grc'><strong>18.</strong></span> <span class='ocrx_word' id='word_1_6' title='bbox 701 158 758 226; x_wconf 83' lang='grc'><strong>19.</strong></span> <span class='ocrx_word' id='word_1_7' title='bbox 875 161 943 228; x_wconf 78' lang='lat' dir='ltr'><strong>alt</strong></span> 
     </span>
    </p>
   </div>
   <div class='ocr_carea' id='block_1_2' title="bbox 80 333 1005 3410">
    <p class='ocr_par' dir='ltr' id='par_1_2' title="bbox 80 333 1005 3410">
     <span class='ocr_line' id='line_1_2' title="bbox 80 333 948 409; baseline 0 -19"><span class='ocrx_word' id='word_1_8' title='bbox 80 333 167 390; x_wconf 90' lang='lat' dir='ltr'><strong>nibus</strong></span> <span class='ocrx_word' id='word_1_9' title='bbox 201 333 423 409; x_wconf 71' lang='lat' dir='ltr'><strong>cohortibusque</strong></span> <span class='ocrx_word' id='word_1_10' title='bbox 457 335 584 392; x_wconf 89' lang='lat' dir='ltr'><strong>redditur</strong></span> <span class='ocrx_word' id='word_1_11' title='bbox 617 337 734 393; x_wconf 88' lang='lat' dir='ltr'><strong>clamor.</strong></span> <span class='ocrx_word' id='word_1_12' title='bbox 778 333 948 392; x_wconf 86' lang='lat' dir='ltr'><strong>Nudaverat</strong></span> 
     </span>
     <span class='ocr_line' id='line_1_3' title="bbox 82 431 949 508; baseline 0.001 -21"><span class='ocrx_word' id='word_1_13' title='bbox 82 431 233 490; x_wconf 88' lang='lat' dir='ltr'><strong>sinistrum</strong></span> <span class='ocrx_word' id='word_1_14' title='bbox 247 451 337 490; x_wconf 86' lang='lat' dir='ltr'><strong>comu</strong></span> <span class='ocrx_word' id='word_1_15' title='bbox 363 434 542 491; x_wconf 85' lang='lat' dir='ltr'><strong>Batavorum</strong></span> <span class='ocrx_word' id='word_1_16' title='bbox 554 437 600 491; x_wconf 89' lang='lat' dir='ltr'><strong>ala</strong></span> <span class='ocrx_word' id='word_1_17' title='bbox 615 435 816 508; x_wconf 71' lang='lat' dir='ltr'>transfugiens,</span> <span class='ocrx_word' id='word_1_18' title='bbox 839 434 949 490; x_wconf 89' lang='lat' dir='ltr'><strong>statim·</strong></span> 
     </span>
     <span class='ocr_line' id='line_1_4' title="bbox 84 533 950 609; baseline 0.002 -23"><span class='ocrx_word' id='word_1_19' title='bbox 84 549 139 604; x_wconf 88' lang='lat' dir='ltr'><strong>que</strong></span> <span class='ocrx_word' id='word_1_20' title='bbox 165 533 197 588; x_wconf 91' lang='lat' dir='ltr'><strong>in</strong></span> <span class='ocrx_word' id='word_1_21' title='bbox 224 551 276 589; x_wconf 88' lang='lat' dir='ltr'><strong>nos</strong></span> <span class='ocrx_word' id='word_1_22' title='bbox 303 552 395 590; x_wconf 81' lang='lat' dir='ltr'><strong>versa.</strong></span> <span class='ocrx_word' id='word_1_23' title='bbox 416 535 466 591; x_wconf 90' lang='lat' dir='ltr'><strong>sed</strong></span> <span class='ocrx_word' id='word_1_24' title='bbox 482 535 656 609; x_wconf 83' lang='lat' dir='ltr'><strong>legionarius</strong></span> <span class='ocrx_word' id='word_1_25' title='bbox 670 536 762 601; x_wconf 87' lang='lat' dir='ltr'><strong>mites,</strong></span> <span class='ocrx_word' id='word_1_26' title='bbox 778 547 950 608; x_wconf 88' lang='lat' dir='ltr'><strong>quamquam</strong></span> 
     </span>
     <span class='ocr_line' id='line_1_5' title="bbox 82 631 950 708; baseline 0.001 -24"><span class='ocrx_word' id='word_1_27' title='bbox 82 631 169 687; x_wconf 87' lang='lat' dir='ltr'><strong>rebus</strong></span> <span class='ocrx_word' id='word_1_28' title='bbox 194 633 325 704; x_wconf 73' lang='lat' dir='ltr'><strong>trepidis,</strong></span> <span class='ocrx_word' id='word_1_29' title='bbox 352 649 430 690; x_wconf 90' lang='lat' dir='ltr'><strong>arma</strong></span> <span class='ocrx_word' id='word_1_30' title='bbox 458 635 630 708; x_wconf 78' lang='lat' dir='ltr'><strong>ordinesque</strong></span> <span class='ocrx_word' id='word_1_31' title='bbox 663 633 816 690; x_wconf 86' lang='lat' dir='ltr'><strong>retinebat.</strong></span> <span class='ocrx_word' id='word_1_32' title='bbox 858 631 950 694; x_wconf 84' lang='lat' dir='ltr'><strong>¹Vbic-</strong></span> 
     </span>
     <span class='ocr_line' id='line_1_6' title="bbox 83 730 951 806; baseline 0 -22"><span class='ocrx_word' id='word_1_33' title='bbox 83 745 146 786; x_wconf 88' lang='lat' dir='ltr'><strong>rum</strong></span> <span class='ocrx_word' id='word_1_34' title='bbox 171 730 423 806; x_wconf 72' lang='lat' dir='ltr'><strong>&#39;lbevercrumque</strong></span> <span class='ocrx_word' id='word_1_35' title='bbox 454 733 573 798; x_wconf 82' lang='lat' dir='ltr'><strong>auxilia,</strong></span> <span class='ocrx_word' id='word_1_36' title='bbox 605 733 689 788; x_wconf 88' lang='lat' dir='ltr'><strong>loeda</strong></span> <span class='ocrx_word' id='word_1_37' title='bbox 713 733 780 805; x_wconf 89' lang='lat' dir='ltr'><strong>luga</strong></span> <span class='ocrx_word' id='word_1_38' title='bbox 814 731 951 802; x_wconf 88' lang='lat' dir='ltr'><strong>dispersa,</strong></span> 
     </span>
     <span class='ocr_line' id='line_1_7' title="bbox 82 829 950 903; baseline -0.002 -17"><span class='ocrx_word' id='word_1_39' title='bbox 82 829 153 886; x_wconf 89' lang='lat' dir='ltr'><strong>totis</strong></span> <span class='ocrx_word' id='word_1_40' title='bbox 182 831 295 903; x_wconf 87' lang='lat' dir='ltr'><strong>campis</strong></span> <span class='ocrx_word' id='word_1_41' title='bbox 322 835 461 902; x_wconf 85' lang='lat' dir='ltr'><strong>potantur.</strong></span> <span class='ocrx_word' id='word_1_42' title='bbox 504 833 577 889; x_wconf 94' lang='lat' dir='ltr'><strong>llluc</strong></span> <span class='ocrx_word' id='word_1_43' title='bbox 608 833 764 890; x_wconf 80' lang='lat' dir='ltr'><strong>incubuere</strong></span> <span class='ocrx_word' id='word_1_44' title='bbox 799 829 950 886; x_wconf 81' lang='lat' dir='ltr'><strong>Germani.</strong></span> 
     </span>
     <span class='ocr_line' id='line_1_8' title="bbox 82 925 978 1004; baseline 0 -20"><span class='ocrx_word' id='word_1_45' title='bbox 82 927 123 984; x_wconf 82' lang='lat' dir='ltr'><strong>Et</strong></span> <span class='ocrx_word' id='word_1_46' title='bbox 150 927 204 983; x_wconf 83' lang='lat' dir='ltr'><strong>luit</strong></span> <span class='ocrx_word' id='word_1_47' title='bbox 230 929 346 986; x_wconf 87' lang='lat' dir='ltr'><strong>interim</strong></span> <span class='ocrx_word' id='word_1_48' title='bbox 370 930 506 1004; x_wconf 81' lang='lat' dir='ltr'><strong>effugium</strong></span> <span class='ocrx_word' id='word_1_49' title='bbox 532 931 692 1002; x_wconf 74' lang='lat' dir='ltr'><strong>legionibus</strong></span> <span class='ocrx_word' id='word_1_50' title='bbox 716 931 746 986; x_wconf 92' lang='lat' dir='ltr'><strong>in</strong></span> <span class='ocrx_word' id='word_1_51' title='bbox 769 936 872 994; x_wconf 87' lang='lat' dir='ltr'><strong>castra,</strong></span> <span class='ocrx_word' id='word_1_52' title='bbox 893 925 978 1001; x_wconf 83' lang='lat' dir='ltr'><strong>qui·&#39;</strong></span> 
     </span>
     <span class='ocr_line' id='line_1_9' title="bbox 84 1025 952 1086; baseline 0.002 -4"><span class='ocrx_word' id='word_1_53' title='bbox 84 1028 137 1083; x_wconf 88' lang='lat' dir='ltr'><strong>bus</strong></span> <span class='ocrx_word' id='word_1_54' title='bbox 166 1025 297 1082; x_wconf 77' lang='lat' dir='ltr'><strong>Veterum</strong></span> <span class='ocrx_word' id='word_1_55' title='bbox 323 1047 428 1086; x_wconf 89' lang='lat' dir='ltr'><strong>nomen</strong></span> <span class='ocrx_word' id='word_1_56' title='bbox 452 1036 505 1086; x_wconf 85' lang='lat' dir='ltr'><strong>est.</strong></span> <span class='ocrx_word' id='word_1_57' title='bbox 548 1029 712 1086; x_wconf 78' lang='lat' dir='ltr'><strong>Praefectus</strong></span> <span class='ocrx_word' id='word_1_58' title='bbox 740 1032 804 1084; x_wconf 89' lang='lat' dir='ltr'><strong>alae</strong></span> <span class='ocrx_word' id='word_1_59' title='bbox 826 1027 952 1086; x_wconf 82' lang='lat' dir='ltr'><strong>Balaio·</strong></span> 
     </span>
     <span class='ocr_line' id='line_1_10' title="bbox 83 1127 952 1200; baseline 0.005 -18"><span class='ocrx_word' id='word_1_60' title='bbox 83 1145 157 1193; x_wconf 89' lang='lat' dir='ltr'><strong>rum,</strong></span> <span class='ocrx_word' id='word_1_61' title='bbox 193 1127 333 1184; x_wconf 79' lang='lat' dir='ltr'><strong>Claudius</strong></span> <span class='ocrx_word' id='word_1_62' title='bbox 361 1129 469 1192; x_wconf 82' lang='lat' dir='ltr'><strong>Labeo,</strong></span> <span class='ocrx_word' id='word_1_63' title='bbox 497 1128 642 1200; x_wconf 88' lang='lat' dir='ltr'><strong>oppidano</strong></span> <span class='ocrx_word' id='word_1_64' title='bbox 664 1128 823 1185; x_wconf 80' lang='lat' dir='ltr'><strong>certamine</strong></span> <span class='ocrx_word' id='word_1_65' title='bbox 857 1145 952 1186; x_wconf 84' lang='lat' dir='ltr'><strong>aernu-</strong></span> 
     </span>
     <span class='ocr_line' id='line_1_11' title="bbox 83 1225 951 1300; baseline 0.002 -18"><span class='ocrx_word' id='word_1_66' title='bbox 83 1227 128 1282; x_wconf 90' lang='lat' dir='ltr'><strong>lus</strong></span> <span class='ocrx_word' id='word_1_67' title='bbox 145 1225 247 1296; x_wconf 85' lang='lat' dir='ltr'><strong>Oivili,</strong></span> <span class='ocrx_word' id='word_1_68' title='bbox 273 1245 309 1282; x_wconf 90' lang='lat' dir='ltr'><strong>ne</strong></span> <span class='ocrx_word' id='word_1_69' title='bbox 331 1227 500 1282; x_wconf 84' lang='lat' dir='ltr'><strong>interiectus</strong></span> <span class='ocrx_word' id='word_1_70' title='bbox 522 1226 666 1284; x_wconf 88' lang='lat' dir='ltr'><strong>invidiam</strong></span> <span class='ocrx_word' id='word_1_71' title='bbox 691 1229 765 1300; x_wconf 88' lang='lat' dir='ltr'><strong>apud</strong></span> <span class='ocrx_word' id='word_1_72' title='bbox 792 1230 951 1300; x_wconf 89' lang='lat' dir='ltr'><strong>populares,</strong></span> 
     </span>
     <span class='ocr_line' id='line_1_12' title="bbox 84 1325 950 1400; baseline 0.005 -20"><span class='ocrx_word' id='word_1_73' title='bbox 84 1329 145 1391; x_wconf 85' lang='lat' dir='ltr'><strong>vel,</strong></span> <span class='ocrx_word' id='word_1_74' title='bbox 173 1325 199 1381; x_wconf 89' lang='lat' dir='ltr'><strong>si</strong></span> <span class='ocrx_word' id='word_1_75' title='bbox 218 1373 220 1380; x_wconf 89' lang='grc'>.</span> <span class='ocrx_word' id='word_1_76' title='bbox 238 1326 417 1391; x_wconf 83' lang='lat' dir='ltr'><strong>retineretur,</strong></span> <span class='ocrx_word' id='word_1_77' title='bbox 451 1326 563 1382; x_wconf 86' lang='lat' dir='ltr'><strong>semina</strong></span> <span class='ocrx_word' id='word_1_78' title='bbox 596 1326 758 1384; x_wconf 79' lang='lat' dir='ltr'><strong>discordiae</strong></span> <span class='ocrx_word' id='word_1_79' title='bbox 793 1331 950 1400; x_wconf 83' lang='lat' dir='ltr'><strong>praeberet,</strong></span> 
     </span>
     <span class='ocr_line' id='line_1_13' title="bbox 83 1423 1005 1492; baseline 0.001 -12"><span class='ocrx_word' id='word_1_80' title='bbox 83 1424 115 1480; x_wconf 94' lang='lat' dir='ltr'><strong>in</strong></span> <span class='ocrx_word' id='word_1_81' title='bbox 133 1424 246 1480; x_wconf 80' lang='lat' dir='ltr'><strong>Frisios</strong></span> <span class='ocrx_word' id='word_1_82' title='bbox 270 1423 414 1480; x_wconf 87' lang='lat' dir='ltr'><strong>avehitur.</strong></span> <span class='ocrx_word' id='word_1_83' title='bbox 457 1425 564 1481; x_wconf 83' lang='lat' dir='ltr'><strong>lisdem</strong></span> <span class='ocrx_word' id='word_1_84' title='bbox 583 1424 698 1492; x_wconf 83' lang='lat' dir='ltr'><strong>diebus,</strong></span> <span class='ocrx_word' id='word_1_85' title='bbox 724 1426 900 1484; x_wconf 84' lang='lat' dir='ltr'><strong>Batauorum</strong></span> <span class='ocrx_word' id='word_1_86' title='bbox 921 1431 950 1483; x_wconf 89' lang='lat' dir='ltr'><strong>et</strong></span> <span class='ocrx_word' id='word_1_87' title='bbox 966 1423 1005 1481; x_wconf 81' lang='lat' dir='ltr'><strong>ta</strong></span> 
     </span>
     <span class='ocr_line' id='line_1_14' title="bbox 84 1523 952 1598; baseline 0 -18"><span class='ocrx_word' id='word_1_88' title='bbox 84 1523 325 1580; x_wconf 80' lang='lat' dir='ltr'><strong>Canninefatium</strong></span> <span class='ocrx_word' id='word_1_89' title='bbox 340 1523 481 1592; x_wconf 88' lang='lat' dir='ltr'><strong>cohortes,</strong></span> <span class='ocrx_word' id='word_1_90' title='bbox 496 1539 562 1579; x_wconf 88' lang='lat' dir='ltr'><strong>cum</strong></span> <span class='ocrx_word' id='word_1_91' title='bbox 576 1523 652 1580; x_wconf 89' lang='lat' dir='ltr'><strong>iussu</strong></span> <span class='ocrx_word' id='word_1_92' title='bbox 676 1523 793 1579; x_wconf 87' lang='lat' dir='ltr'><strong>Vitellii</strong></span> <span class='ocrx_word' id='word_1_93' title='bbox 808 1524 837 1579; x_wconf 94' lang='lat' dir='ltr'><strong>in</strong></span> <span class='ocrx_word' id='word_1_94' title='bbox 853 1526 952 1598; x_wconf 75' lang='lat' dir='ltr'><strong>urbem</strong></span> 
     </span>
     <span class='ocr_line' id='line_1_15' title="bbox 84 1621 953 1696; baseline 0.002 -19"><span class='ocrx_word' id='word_1_95' title='bbox 84 1628 251 1696; x_wconf 83' lang='lat' dir='ltr'><strong>pergerent,</strong></span> <span class='ocrx_word' id='word_1_96' title='bbox 271 1623 405 1678; x_wconf 86' lang='lat' dir='ltr'><strong>missusa</strong></span> <span class='ocrx_word' id='word_1_97' title='bbox 427 1622 529 1678; x_wconf 83' lang='lat' dir='ltr'><strong>Civile</strong></span> <span class='ocrx_word' id='word_1_98' title='bbox 550 1623 665 1679; x_wconf 91' lang='lat' dir='ltr'><strong>nuntius</strong></span> <span class='ocrx_word' id='word_1_99' title='bbox 690 1621 864 1694; x_wconf 85' lang='lat' dir='ltr'><strong>adsequitur.</strong></span> <span class='ocrx_word' id='word_1_100' title='bbox 906 1623 953 1679; x_wconf 92' lang='lat' dir='ltr'><strong>lu·</strong></span> 
     </span>
     <span class='ocr_line' id='line_1_16' title="bbox 86 1719 954 1794; baseline -0.001 -16"><span class='ocrx_word' id='word_1_101' title='bbox 86 1726 222 1778; x_wconf 83' lang='lat' dir='ltr'><strong>tumuere</strong></span> <span class='ocrx_word' id='word_1_102' title='bbox 239 1721 337 1778; x_wconf 86' lang='lat' dir='ltr'><strong>statim</strong></span> <span class='ocrx_word' id='word_1_103' title='bbox 352 1720 485 1792; x_wconf 90' lang='lat' dir='ltr'><strong>superbia</strong></span> <span class='ocrx_word' id='word_1_104' title='bbox 497 1720 669 1794; x_wconf 79' lang='lat' dir='ltr'><strong>ferociaque,</strong></span> <span class='ocrx_word' id='word_1_105' title='bbox 677 1726 722 1776; x_wconf 88' lang='lat' dir='ltr'><strong>et‘</strong></span> <span class='ocrx_word' id='word_1_106' title='bbox 735 1719 856 1793; x_wconf 88' lang='lat' dir='ltr'><strong>pretium</strong></span> <span class='ocrx_word' id='word_1_107' title='bbox 870 1720 954 1777; x_wconf 88' lang='lat' dir='ltr'><strong>itine-</strong></span> 
     </span>
     <span class='ocr_line' id='line_1_17' title="bbox 85 1819 953 1894; baseline 0.001 -19"><span class='ocrx_word' id='word_1_108' title='bbox 85 1820 153 1886; x_wconf 88' lang='lat' dir='ltr'><strong>‘ris,</strong></span> <span class='ocrx_word' id='word_1_109' title='bbox 167 1819 349 1884; x_wconf 87' lang='lat' dir='ltr'><strong>donativum,</strong></span> <span class='ocrx_word' id='word_1_110' title='bbox 373 1821 481 1892; x_wconf 85' lang='lat' dir='ltr'><strong>duplex</strong></span> <span class='ocrx_word' id='word_1_111' title='bbox 503 1819 688 1892; x_wconf 86' lang='lat' dir='ltr'><strong>stipendium,</strong></span> <span class='ocrx_word' id='word_1_112' title='bbox 702 1819 800 1892; x_wconf 85' lang='lat' dir='ltr'><strong>augeri</strong></span> <span class='ocrx_word' id='word_1_113' title='bbox 824 1820 953 1894; x_wconf 90' lang='lat' dir='ltr'><strong>equitum</strong></span> 
     </span>
     <span class='ocr_line' id='line_1_18' title="bbox 85 1915 953 1991; baseline 0.002 -17"><span class='ocrx_word' id='word_1_114' title='bbox 85 1915 276 1982; x_wconf 74' lang='lat' dir='ltr'><strong>‘numemm’</strong></span> <span class='ocrx_word' id='word_1_115' title='bbox 302 1917 440 1989; x_wconf 91' lang='lat' dir='ltr'><strong>promissa</strong></span> <span class='ocrx_word' id='word_1_116' title='bbox 461 1935 531 1974; x_wconf 90' lang='lat' dir='ltr'><strong>sane</strong></span> <span class='ocrx_word' id='word_1_117' title='bbox 556 1935 573 1974; x_wconf 86' lang='lat' dir='ltr'><strong>a</strong></span> <span class='ocrx_word' id='word_1_118' title='bbox 601 1918 733 1984; x_wconf 90' lang='lat' dir='ltr'><strong>Vitellio,</strong></span> <span class='ocrx_word' id='word_1_119' title='bbox 761 1922 953 1991; x_wconf 82' lang='lat' dir='ltr'><strong>postulabant,</strong></span> 
     </span>
     <span class='ocr_line' id='line_1_19' title="bbox 85 2003 954 2089; baseline 0.003 -16"><span class='ocrx_word' id='word_1_120' title='bbox 85 2034 157 2081; x_wconf 89' lang='lat' dir='ltr'><strong>non,</strong></span> <span class='ocrx_word' id='word_1_121' title='bbox 183 2023 214 2072; x_wconf 90' lang='lat' dir='ltr'><strong>ut</strong></span> <span class='ocrx_word' id='word_1_122' title='bbox 242 2019 474 2089; x_wconf 84' lang='lat' dir='ltr'><strong>adsequerentur,</strong></span> <span class='ocrx_word' id='word_1_123' title='bbox 496 2017 547 2072; x_wconf 92' lang='lat' dir='ltr'><strong>sed</strong></span> <span class='ocrx_word' id='word_1_124' title='bbox 575 2003 706 2074; x_wconf 77' lang='lat' dir='ltr'><strong>caussam</strong></span> <span class='ocrx_word' id='word_1_125' title='bbox 727 2020 872 2076; x_wconf 82' lang='lat' dir='ltr'><strong>seditioni.</strong></span> <span class='ocrx_word' id='word_1_126' title='bbox 914 2020 954 2076; x_wconf 77' lang='lat' dir='ltr'><strong>Et</strong></span> 
     </span>
     <span class='ocr_line' id='line_1_20' title="bbox 86 2115 954 2188; baseline 0 -15"><span class='ocrx_word' id='word_1_127' title='bbox 86 2116 228 2182; x_wconf 76' lang='lat' dir='ltr'><strong>Flaccus,</strong></span> <span class='ocrx_word' id='word_1_128' title='bbox 256 2117 344 2171; x_wconf 88' lang='lat' dir='ltr'><strong>multa</strong></span> <span class='ocrx_word' id='word_1_129' title='bbox 372 2115 572 2182; x_wconf 87' lang='lat' dir='ltr'><strong>concedendo,</strong></span> <span class='ocrx_word' id='word_1_130' title='bbox 588 2133 590 2138; x_wconf 91' lang='lat'>·</span> <span class='ocrx_word' id='word_1_131' title='bbox 606 2115 679 2172; x_wconf 92' lang='lat' dir='ltr'><strong>uibil</strong></span> <span class='ocrx_word' id='word_1_132' title='bbox 711 2117 788 2174; x_wconf 87' lang='lat' dir='ltr'><strong>aliud</strong></span> <span class='ocrx_word' id='word_1_133' title='bbox 809 2119 954 2188; x_wconf 80' lang='lat' dir='ltr'><strong>effecerat,</strong></span> 
     </span>
     <span class='ocr_line' id='line_1_21' title="bbox 86 2214 955 2290; baseline -0.002 -18"><span class='ocrx_word' id='word_1_134' title='bbox 86 2233 173 2290; x_wconf 87' lang='lat' dir='ltr'><strong>quam</strong></span> <span class='ocrx_word' id='word_1_135' title='bbox 197 2221 226 2271; x_wconf 91' lang='lat' dir='ltr'><strong>ut</strong></span> <span class='ocrx_word' id='word_1_136' title='bbox 255 2214 349 2271; x_wconf 87' lang='lat' dir='ltr'><strong>acrius</strong></span> <span class='ocrx_word' id='word_1_137' title='bbox 371 2221 572 2286; x_wconf 82' lang='lat' dir='ltr'><strong>exposcerent,</strong></span> <span class='ocrx_word' id='word_1_138' title='bbox 591 2233 664 2288; x_wconf 87' lang='lat' dir='ltr'><strong>quae</strong></span> <span class='ocrx_word' id='word_1_139' title='bbox 685 2217 817 2271; x_wconf 86' lang='lat' dir='ltr'><strong>sciebant</strong></span> <span class='ocrx_word' id='word_1_140' title='bbox 838 2220 955 2287; x_wconf 82' lang='lat' dir='ltr'><strong>negatu-</strong></span> 
     </span>
     <span class='ocr_line' id='line_1_22' title="bbox 86 2311 955 2385; baseline -0.001 -15"><span class='ocrx_word' id='word_1_141' title='bbox 86 2331 161 2370; x_wconf 88' lang='lat' dir='ltr'><strong>rum.</strong></span> <span class='ocrx_word' id='word_1_142' title='bbox 206 2313 310 2385; x_wconf 89' lang='lat' dir='ltr'><strong>Spreto</strong></span> <span class='ocrx_word' id='word_1_143' title='bbox 331 2314 451 2378; x_wconf 80' lang='lat' dir='ltr'><strong>Flacco,</strong></span> <span class='ocrx_word' id='word_1_144' title='bbox 478 2313 642 2370; x_wconf 89' lang='lat' dir='ltr'><strong>interiorem</strong></span> <span class='ocrx_word' id='word_1_145' title='bbox 670 2313 857 2370; x_wconf 84' lang='lat' dir='ltr'><strong>Germaniam</strong></span> <span class='ocrx_word' id='word_1_146' title='bbox 884 2311 955 2384; x_wconf 86' lang='lat' dir='ltr'><strong>peti·</strong></span> 
     </span>
     <span class='ocr_line' id='line_1_23' title="bbox 87 2409 954 2484; baseline 0 -16"><span class='ocrx_word' id='word_1_147' title='bbox 87 2429 171 2478; x_wconf 88' lang='lat' dir='ltr'><strong>vere,</strong></span> <span class='ocrx_word' id='word_1_148' title='bbox 185 2417 216 2468; x_wconf 89' lang='lat' dir='ltr'><strong>ut</strong></span> <span class='ocrx_word' id='word_1_149' title='bbox 242 2411 333 2468; x_wconf 82' lang='lat' dir='ltr'><strong>civiti</strong></span> <span class='ocrx_word' id='word_1_150' title='bbox 348 2411 556 2484; x_wconf 76' lang='lat' dir='ltr'><strong>iungerentur.</strong></span> <span class='ocrx_word' id='word_1_151' title='bbox 599 2412 791 2474; x_wconf 85' lang='lat' dir='ltr'><strong>Hordeonius,</strong></span> <span class='ocrx_word' id='word_1_152' title='bbox 817 2409 954 2468; x_wconf 85' lang='lat' dir='ltr'><strong>adhibitis</strong></span> 
     </span>
     <span class='ocr_line' id='line_1_24' title="bbox 88 2509 955 2584; baseline -0.003 -17"><span class='ocrx_word' id='word_1_153' title='bbox 88 2509 233 2568; x_wconf 78' lang='lat' dir='ltr'><strong>Tribunis</strong></span> <span class='ocrx_word' id='word_1_154' title='bbox 249 2509 538 2584; x_wconf 77' lang='lat' dir='ltr'><strong>centurionibusque,</strong></span> <span class='ocrx_word' id='word_1_155' title='bbox 558 2510 746 2574; x_wconf 88' lang='lat' dir='ltr'><strong>consultavit,</strong></span> <span class='ocrx_word' id='word_1_156' title='bbox 766 2515 854 2565; x_wconf 86' lang='lat' dir='ltr'><strong>‘num</strong></span> <span class='ocrx_word' id='word_1_157' title='bbox 875 2510 955 2564; x_wconf 89' lang='lat' dir='ltr'><strong>obse·</strong></span> 
     </span>
     <span class='ocr_line' id='line_1_25' title="bbox 87 2606 956 2683; baseline -0.007 -19"><span class='ocrx_word' id='word_1_158' title='bbox 87 2609 210 2683; x_wconf 84' lang='lat' dir='ltr'><strong>‘quium</strong></span> <span class='ocrx_word' id='word_1_159' title='bbox 226 2609 385 2664; x_wconf 86' lang='lat' dir='ltr'><strong>abnuentes</strong></span> <span class='ocrx_word' id='word_1_160' title='bbox 401 2607 431 2663; x_wconf 92' lang='lat' dir='ltr'><strong>vi</strong></span> <span class='ocrx_word' id='word_1_161' title='bbox 451 2606 618 2666; x_wconf 67' lang='lat' dir='ltr'><strong>coerceret?</strong></span> <span class='ocrx_word' id='word_1_162' title='bbox 659 2607 741 2671; x_wconf 81' lang='lat' dir='ltr'><strong>Mox,</strong></span> <span class='ocrx_word' id='word_1_163' title='bbox 765 2607 853 2667; x_wconf 87' lang='lat' dir='ltr'><strong>insita</strong></span> <span class='ocrx_word' id='word_1_164' title='bbox 876 2607 956 2680; x_wconf 73' lang='lat' dir='ltr'><strong>igue,</strong></span> 
     </span>
     <span class='ocr_line' id='line_1_26' title="bbox 87 2705 956 2781; baseline -0.002 -17"><span class='ocrx_word' id='word_1_165' title='bbox 87 2706 139 2764; x_wconf 87' lang='lat' dir='ltr'><strong>via</strong></span> <span class='ocrx_word' id='word_1_166' title='bbox 154 2711 185 2762; x_wconf 93' lang='lat' dir='ltr'><strong>et</strong></span> <span class='ocrx_word' id='word_1_167' title='bbox 207 2705 326 2777; x_wconf 89' lang='lat' dir='ltr'><strong>trepidis</strong></span> <span class='ocrx_word' id='word_1_168' title='bbox 352 2705 499 2772; x_wconf 88' lang='lat' dir='ltr'><strong>ministris,</strong></span> <span class='ocrx_word' id='word_1_169' title='bbox 519 2725 590 2781; x_wconf 92' lang='lat' dir='ltr'><strong>quos</strong></span> <span class='ocrx_word' id='word_1_170' title='bbox 611 2706 760 2780; x_wconf 87' lang='lat' dir='ltr'><strong>ambiguus</strong></span> <span class='ocrx_word' id='word_1_171' title='bbox 784 2705 956 2768; x_wconf 80' lang='lat' dir='ltr'><strong>auxiliorum</strong></span> 
     </span>
     <span class='ocr_line' id='line_1_27' title="bbox 86 2804 957 2879; baseline -0.001 -16"><span class='ocrx_word' id='word_1_172' title='bbox 86 2806 205 2863; x_wconf 85' lang='lat' dir='ltr'><strong>animus</strong></span> <span class='ocrx_word' id='word_1_173' title='bbox 219 2810 248 2860; x_wconf 90' lang='lat' dir='ltr'><strong>et</strong></span> <span class='ocrx_word' id='word_1_174' title='bbox 259 2804 354 2862; x_wconf 89' lang='lat' dir='ltr'><strong>subito</strong></span> <span class='ocrx_word' id='word_1_175' title='bbox 366 2805 481 2861; x_wconf 88' lang='lat' dir='ltr'><strong>delectu</strong></span> <span class='ocrx_word' id='word_1_176' title='bbox 496 2809 645 2878; x_wconf 89' lang='lat' dir='ltr'><strong>suppletae</strong></span> <span class='ocrx_word' id='word_1_177' title='bbox 660 2806 789 2877; x_wconf 79' lang='lat' dir='ltr'><strong>legiones</strong></span> <span class='ocrx_word' id='word_1_178' title='bbox 804 2807 957 2879; x_wconf 85' lang='lat' dir='ltr'><strong>augebant,</strong></span> 
     </span>
     <span class='ocr_line' id='line_1_28' title="bbox 86 2903 958 2975; baseline -0.007 -13"><span class='ocrx_word' id='word_1_179' title='bbox 86 2903 200 2970; x_wconf 86' lang='lat' dir='ltr'><strong>statuit,</strong></span> <span class='ocrx_word' id='word_1_180' title='bbox 220 2903 371 2959; x_wconf 86' lang='lat' dir='ltr'><strong>continere</strong></span> <span class='ocrx_word' id='word_1_181' title='bbox 391 2903 466 2961; x_wconf 89' lang='lat' dir='ltr'><strong>intra</strong></span> <span class='ocrx_word' id='word_1_182' title='bbox 488 2911 582 2960; x_wconf 86' lang='lat' dir='ltr'><strong>castra</strong></span> <span class='ocrx_word' id='word_1_183' title='bbox 610 2903 742 2960; x_wconf 88' lang='lat' dir='ltr'><strong>mititem.</strong></span> <span class='ocrx_word' id='word_1_184' title='bbox 785 2905 863 2960; x_wconf 87' lang='lat' dir='ltr'><strong>Dein</strong></span> <span class='ocrx_word' id='word_1_185' title='bbox 892 2921 958 2975; x_wconf 63' lang='lat' dir='ltr'><strong>poe,</strong></span> 
     </span>
     <span class='ocr_line' id='line_1_29' title="bbox 88 3001 958 3080; baseline -0.003 -18"><span class='ocrx_word' id='word_1_186' title='bbox 88 3001 228 3068; x_wconf 86' lang='lat' dir='ltr'><strong>nitentia,</strong></span> <span class='ocrx_word' id='word_1_187' title='bbox 257 3005 287 3056; x_wconf 87' lang='lat' dir='ltr'><strong>et</strong></span> <span class='ocrx_word' id='word_1_188' title='bbox 321 3003 505 3074; x_wconf 86' lang='lat' dir='ltr'><strong>arguentibus</strong></span> <span class='ocrx_word' id='word_1_189' title='bbox 529 3001 610 3072; x_wconf 90' lang='lat' dir='ltr'><strong>ipsis,</strong></span> <span class='ocrx_word' id='word_1_190' title='bbox 633 3001 682 3075; x_wconf 91' lang='lat' dir='ltr'><strong>qui</strong></span> <span class='ocrx_word' id='word_1_191' title='bbox 709 3010 867 3069; x_wconf 88' lang='lat' dir='ltr'><strong>suaserant,</strong></span> <span class='ocrx_word' id='word_1_192' title='bbox 889 3009 958 3080; x_wconf 76' lang='lat' dir='ltr'><strong>tam·</strong></span> 
     </span>
     <span class='ocr_line' id='line_1_30' title="bbox 88 3099 957 3177; baseline -0.003 -19"><span class='ocrx_word' id='word_1_193' title='bbox 88 3119 178 3177; x_wconf 91' lang='lat' dir='ltr'><strong>quam</strong></span> <span class='ocrx_word' id='word_1_194' title='bbox 199 3105 358 3162; x_wconf 89' lang='lat' dir='ltr'><strong>secuturus,</strong></span> <span class='ocrx_word' id='word_1_195' title='bbox 378 3101 492 3170; x_wconf 87' lang='lat' dir='ltr'><strong>scripsit</strong></span> <span class='ocrx_word' id='word_1_196' title='bbox 527 3100 676 3158; x_wconf 84' lang='lat' dir='ltr'><strong>Herennio</strong></span> <span class='ocrx_word' id='word_1_197' title='bbox 707 3101 803 3167; x_wconf 83' lang='lat' dir='ltr'><strong>Gallo,</strong></span> <span class='ocrx_word' id='word_1_198' title='bbox 835 3099 957 3173; x_wconf 84' lang='lat' dir='ltr'><strong>legionis</strong></span> 
     </span>
     <span class='ocr_line' id='line_1_31' title="bbox 89 3198 958 3282; baseline -0.009 -24"><span class='ocrx_word' id='word_1_199' title='bbox 89 3201 203 3276; x_wconf 88' lang='lat' dir='ltr'><strong>primae</strong></span> <span class='ocrx_word' id='word_1_200' title='bbox 217 3200 340 3272; x_wconf 84' lang='lat' dir='ltr'><strong>Legato,</strong></span> <span class='ocrx_word' id='word_1_201' title='bbox 364 3199 412 3272; x_wconf 92' lang='lat' dir='ltr'><strong>qui</strong></span> <span class='ocrx_word' id='word_1_202' title='bbox 434 3198 566 3282; x_wconf 85' lang='lat' dir='ltr'><strong>Bonnam</strong></span> <span class='ocrx_word' id='word_1_203' title='bbox 591 3198 752 3265; x_wconf 86' lang='lat' dir='ltr'><strong>obtinebat,</strong></span> <span class='ocrx_word' id='word_1_204' title='bbox 772 3205 803 3255; x_wconf 93' lang='lat' dir='ltr'><strong>ut</strong></span> <span class='ocrx_word' id='word_1_205' title='bbox 823 3200 958 3256; x_wconf 83' lang='lat' dir='ltr'><strong>‘arceret</strong></span> 
     </span>
     <span class='ocr_line' id='line_1_32' title="bbox 90 3345 957 3410; baseline -0.012 -10"><span class='ocrx_word' id='word_1_206' title='bbox 90 3355 210 3400; x_wconf 66' lang='lat' dir='ltr'><strong>clamoren</strong></span> <span class='ocrx_word' id='word_1_207' title='bbox 225 3353 306 3398; x_wconf 81' lang='lat' dir='ltr'><strong>tollere.</strong></span> <span class='ocrx_word' id='word_1_208' title='bbox 327 3350 353 3397; x_wconf 84' lang='lat' dir='ltr'><strong>in</strong></span> <span class='ocrx_word' id='word_1_209' title='bbox 367 3365 409 3410; x_wconf 86' lang='lat' dir='ltr'><strong>qrro</strong></span> <span class='ocrx_word' id='word_1_210' title='bbox 426 3351 522 3397; x_wconf 59' lang='lat' dir='ltr'><strong>mommo</strong></span> <span class='ocrx_word' id='word_1_211' title='bbox 539 3352 637 3399; x_wconf 81' lang='lat' dir='ltr'><strong>militum</strong></span> <span class='ocrx_word' id='word_1_212' title='bbox 657 3349 761 3395; x_wconf 78' lang='lat' dir='ltr'><strong>moestitia</strong></span> <span class='ocrx_word' id='word_1_213' title='bbox 775 3345 905 3400; x_wconf 79' lang='lat' dir='ltr'><strong>deprebensa</strong></span> <span class='ocrx_word' id='word_1_214' title='bbox 920 3351 957 3402; x_wconf 81' lang='lat' dir='ltr'><strong>ert,</strong></span> 
     </span>
    </p>
   </div>
   <div class='ocr_carea' id='block_1_3' title="bbox 91 3403 961 3534">
    <p class='ocr_par' dir='ltr' id='par_1_3' title="bbox 91 3403 961 3534">
     <span class='ocr_line' id='line_1_33' title="bbox 91 3403 961 3464; baseline -0.014 -7"><span class='ocrx_word' id='word_1_215' title='bbox 91 3414 173 3464; x_wconf 69' lang='lat' dir='ltr'><strong>erilem</strong></span> <span class='ocrx_word' id='word_1_216' title='bbox 184 3416 204 3456; x_wconf 85' lang='lat' dir='ltr'><strong>et</strong></span> <span class='ocrx_word' id='word_1_217' title='bbox 218 3412 332 3457; x_wconf 81' lang='lat' dir='ltr'><strong>dissonum</strong></span> <span class='ocrx_word' id='word_1_218' title='bbox 349 3411 465 3456; x_wconf 79' lang='lat' dir='ltr'><strong>clamorem</strong></span> <span class='ocrx_word' id='word_1_219' title='bbox 479 3411 598 3460; x_wconf 63' lang='lat' dir='ltr'><strong>drudam.</strong></span> <span class='ocrx_word' id='word_1_220' title='bbox 630 3409 721 3463; x_wconf 78' lang='lat' dir='ltr'><strong>Gmtro,</strong></span> <span class='ocrx_word' id='word_1_221' title='bbox 732 3421 747 3451; x_wconf 82' lang='lat' dir='ltr'><strong>a</strong></span> <span class='ocrx_word' id='word_1_222' title='bbox 761 3403 871 3450; x_wconf 72' lang='lat' dir='ltr'><strong>narraris</strong></span> <span class='ocrx_word' id='word_1_223' title='bbox 884 3404 961 3458; x_wconf 53' lang='lat' dir='ltr'><strong>clunis*</strong></span> 
     </span>
     <span class='ocr_line' id='line_1_34' title="bbox 91 3468 889 3534; baseline -0.015 -15"><span class='ocrx_word' id='word_1_224' title='bbox 91 3469 193 3530; x_wconf 78' lang='lat' dir='ltr'><strong>risoriis</strong></span> <span class='ocrx_word' id='word_1_225' title='bbox 203 3474 233 3516; x_wconf 82' lang='lat' dir='ltr'><strong>ast</strong></span> <span class='ocrx_word' id='word_1_226' title='bbox 242 3469 350 3518; x_wconf 79' lang='lat' dir='ltr'><strong>redditas.</strong></span> <span class='ocrx_word' id='word_1_227' title='bbox 383 3468 444 3534; x_wconf 62' lang='lat' dir='ltr'><strong>[lips.</strong></span> <span class='ocrx_word' id='word_1_228' title='bbox 886 3477 889 3484; x_wconf 82' lang='grc'><strong><em>’</em></strong></span> 
     </span>
    </p>
   </div>
   <div class='ocr_carea' id='block_1_4' title="bbox 0 0 1067 3834">
    <p class='ocr_par' dir='ltr' id='par_1_4' title="bbox 0 0 1067 3834">
     <span class='ocr_line' id='line_1_35' title="bbox 0 0 1067 3834; baseline 0 0"><span class='ocrx_word' id='word_1_229' title='bbox 0 0 1067 3834; x_wconf 95' lang='lat' dir='ltr'><strong> </strong></span> 
     </span>
    </p>
   </div>
  </div>
 </body>
</html>
