2100 3816
112 156 182 224 128
373 195 376 200 -
400 171 654 220 ursaontauvu
823 178 853 222 a
871 173 901 222 v.
917 175 972 222 ara

107 329 309 402 septingentos
340 333 372 385 et
405 328 511 402 uiginti
532 327 636 400 prioris
665 326 735 383 aevi
770 344 864 384 annos
892 329 978 386 mulli

108 435 241 488 auctores
265 431 434 493 retulerunt,
453 429 523 484 duan
546 444 593 482 res
606 427 713 499 Populi
735 427 822 484 Rom.
837 445 979 485 memora·

107 527 289 600 banturpari
312 527 477 602 eloquentia
490 544 527 582 ac
548 527 691 584 libertale.
732 527 892 620 Postquam
917 529 977 584 bel-

109 629 200 684 latun
222 629 298 700 apud
321 627 451 690 Actium,
477 625 563 698 atque
582 642 700 682 omnem
734 629 911 696 potestatem
936 627 976 684 ad

110 744 200 784 unum
216 725 342 782 conferri
369 725 451 796 pacis
481 723 622 789 interluit,
648 741 754 796 magna
775 724 827 780 illa
854 725 975 797 ingenia

110 843 241 884 cuore:
260 825 344 882 simut
360 823 469 878 veritas
482 822 611 894 pluribus
634 823 728 878 modis
755 821 899 892 iulracla;
920 823 976 895 pri·
1036 893 1037 904 ἵ

110 922 320 982 minacilia
338 921 530 993 Reipublicae
558 927 591 976 ut
609 923 735 986 attense
756 937 824 978 mox
850 921 976 978 libidine
1036 925 1037 982 l

110 1021 292 1084 monui,
324 1027 375 1078 aut
393 1037 488 1078 rum
506 1019 575 1076 odio
605 1021 744 1076 adeersus
763 1019 975 1078 dominantes:

109 1121 153 1178 ita
173 1121 281 1177 neutris
301 1137 371 1176 cun
390 1118 576 1191 potentatu,
595 1118 672 1176 inter
694 1118 824 1174 intensos
837 1120 900 1174 .vel
923 1119 975 1174 ob-

110 1220 227 1277 noxios.
282 1219 342 1274 Sed
362 1217 550 1274 ambitionem
583 1216 732 1289 scriptoris
751 1215 839 1274 lacilo
873 1217 976 1273 adver·
1036 1229 1037 1256 t

110 1319 203 1384 aeria3
222 1316 397 1373 obtrectatio
415 1323 445 1371 ct
473 1315 550 1371 livor
568 1315 665 1386 pronis
685 1315 801 1370 auribus
828 1314 976 1386 accipiun-

112 1421 166 1474 lnr.
196 1416 303 1490 quippe
333 1413 493 1472 adulationi
527 1413 642 1469 foedum
668 1413 780 1470 crimen
814 1413 978 1477 servitutis,
1036 1399 1037 1482 ff

113 1516 288 1590 malignitati
307 1515 379 1570 farn
392 1512 506 1585 spectes
526 1511 668 1568 lintona
686 1511 772 1568 ineas
815 1511 892 1568 utu
907 1511 977 1568 oar·
1036 1491 1037 1580 l

114 1618 161 1682 ba,
181 1617 270 1680 Olbo,
289 1613 442 1676 Vitellius,
463 1629 518 1668 nec
539 1611 694 1676 beneficio,
708 1628 764 1668 nec
784 1611 891 1668 iniuria
909 1627 977 1685 oog·

113 1714 178 1772 niti.
219 1714 402 1786 Dignitatem
422 1709 775 1790 nubamuVespcsiano
798 1709 976 1774 inchoatam,

114 1828 133 1867 a
148 1811 223 1866 'l'ito
235 1818 360 1875 auctam,
380 1827 399 1867 a
413 1809 584 1868 Domitiano
598 1809 711 1882 longius
724 1813 903 1880 provectam,
917 1825 977 1866 non

113 1908 280 1966 abnuerim:
309 1909 361 1964 scd
391 1908 592 1979 inconruptsm
622 1907 709 1964 fidem
742 1906 887 1979 protessis,
918 1922 976 1964 neo
1036 1961 1037 2002 1

113 2023 211 2064 arnore
220 2007 378 2080 qnisquam,
392 2014 421 2063 et
434 2007 499 2064 siue
511 2006 580 2062 odio
587 2005 729 2064 dicendus
747 2011 802 2062 est.
842 2005 930 2077 Quod
948 2003 975 2061 si

113 2105 176 2164 rita
199 2105 371 2178 suppeditet,
401 2104 599 2176 Principalem
620 2105 659 2161 D.
688 2105 807 2162 Nervae
827 2109 858 2160 et
880 2105 976 2176 lmpe·

144 2280 238 2329 Inacr'liu
251 2278 317 2336 Reip.
333 2283 360 2326 ut
375 2277 469 2340 alienae]
500 2277 532 2324 Η.
550 2293 570 2324 e.
581 2293 630 2324 cum
649 2276 748 2324 homines
762 2293 824 2324 nram
840 2277 899 2323 Rem
917 2291 979 2323 .non

115 2341 182 2388 aliter
200 2345 239 2387 aut
258 2339 336 2384 melius
363 2343 460 2392 nossent,
484 2351 550 2396 quant
575 2336 680 2389 alienam,
706 2341 833 2396 propterea,
853 2350 882 2396 qu
932 2336 980 2382 eins

114 2399 217 2446 incuriosi
234 2405 314 2453 essem,
332 2411 381 2444 cunr
400 2396 428 2440 ad
447 2409 498 2441 eam
521 2396 628 2441 accedere
651 2410 695 2440 nou
718 2395 812 2456 amplius
831 2395 921 2451 liceret,
941 2395 979 2441 red

115 2459 178 2506 nnius
187 2457 261 2504 omnia
270 2463 326 2502 uutn
334 2461 357 2501 et
367 2454 462 2500 arbitrio
469 2459 605 2512 gererentur.
636 2453 696 2500 Em

144 2537 291 2582 Ambiacum
304 2533 424 2602 scriptoria]
458 2532 622 2601 Adulatiouern³
641 2531 863 2602 placendiatndiurn.
898 2533 936 2580 Sic
950 2534 980 2600 tt,

116 2596 135 2651 l,
150 2599 185 2642 67.
217 2593 291 2640 Nullo
305 2593 428 2638 ammom.
455 2591 520 2644 xlll,
540 2595 561 2637 l.
588 2589 656 2636 errsl
670 2591 787 2636 salttum
803 2591 916 2646 pervium.
947 2591 979 2638 nt

115 2655 174 2714 apud
187 2653 292 2698 lustinum
302 2651 356 2703 xit,
370 2655 401 2696 15.
415 2649 504 2696 umbib'o
513 2650 584 2707 vulgi,

148 2730 278 2786 Vespasium
295 2729 429 2786 inchoatum]
461 2727 600 2779 Quomodol'
624 2727 705 2788 quisue
724 2727 858 2773 Procurator
877 2728 920 2774 sub
939 2728 981 2774 illo

116 2788 240 2846 Belgicae?
266 2786 375 2832 EPlinio
389 2786 442 2842 Vll,
463 2790 494 2834 17Δ
514 2787 537 2831 id
555 2787 679 2846 suspicere:
705 2786 743 2832 sed
758 2785 867 2846 suspicere
883 2793 979 2833 tanturn.

115 2847 160 2893 imo
177 2846 249 2891 verius
269 2845 291 2890 id
308 2860 334 2890 ce
348 2844 392 2890 eris
411 2845 439 2889 de
458 2845 520 2891 buius
540 2851 611 2904 patre.
652 2844 755 2902 intelligo
773 2859 826 2902 ergo
845 2845 981 2902 dignitatem

114 2906 162 2952 eius
180 2905 304 2950 inchoatam
313 2919 327 2948 a
359 2903 481 2960 eupasiano,
496 2903 556 2962 quod
569 2903 599 2947 ab
611 2917 638 2949 eo
653 2903 765 2954 Quaestor
780 2904 922 2964 Senatorque
937 2905 978 2950 iao

115 2968 157 3010 tus.
188 2963 250 3020 nin,
281 2963 310 3008 V.
324 2961 428 3018 llyclrius.
459 2961 519 3008 Em.
551 2961 595 3008 llic
606 2963 664 3022 apud
679 2961 736 3008 Plin.
748 2963 864 3007 commode
880 2970 980 3012 nostrum

115 3022 209 3079 intelligi
225 3036 289 3081 posse
303 3023 376 3074 docet,
392 3019 429 3077 qui
439 3035 459 3065 a.
471 3022 513 3067 805
529 3025 568 3065 sut
585 3021 653 3066 etium
670 3025 723 3066 aute
736 3021 809 3066 forsan
827 3025 900 3066 natus.
934 3021 981 3068 Sub

114 3080 253 3189 &mago
271 3080 351 3126 XXvir
368 3079 451 3125 lactum
471 3079 584 3124 Broteriua
604 3080 698 3138 statuit5
721 3078 761 3126 sub
777 3078 834 3125 Tito
851 3080 980 3128 Tribunum

112 3143 113 3146 ’
142 3139 206 3188 i.nc
238 3144 370 3186 traestorem.
632 3160 634 3163 ·

144 3217 299 3278 Tilouuetum]
331 3213 454 3262 aedilitate
462 3218 501 3260 aul
510 3215 630 3263 tribunatu.
662 3216 724 3273 [ripa.

144 3296 273 3344 Domitium
289 3293 378 3352 longina
392 3292 522 3349 modernus]
565 3293 617 3344 Quo
635 3293 746 3355 Principe,
762 3298 786 3342 et
800 3295 983 3346 Quindecim-vir

115 3361 139 3402 el
148 3356 240 3402 Praetor
249 3355 321 3408 luisse,
332 3353 379 3412 ipse
388 3354 482 3398 testatur
493 3351 520 3394 Α.
533 3351 563 3407 11,
575 3355 607 3398 ll.
639 3353 701 3408 Lipt.

144 3433 177 3480 D.
193 3432 289 3492 Nerone]
319 3429 402 3490 Coepit
415 3441 469 3487 ergo
482 3426 578 3475 seribere
594 3443 623 3476 eo
641 3435 731 3479 mortuo
747 3436 771 3479 et
786 3437 885 3482 sacrate.
917 3434 980 3495 bip.
