<?xml version="1.0" encoding="UTF-8"?>
<!DOCTYPE html PUBLIC "-//W3C//DTD XHTML 1.0 Transitional//EN"
    "http://www.w3.org/TR/xhtml1/DTD/xhtml1-transitional.dtd">
<html xmlns="http://www.w3.org/1999/xhtml" xml:lang="en" lang="en">
 <head>
  <title>
</title>
<meta http-equiv="Content-Type" content="text/html;charset=utf-8" />
  <meta name='ocr-system' content='tesseract 3.04.00' />
  <meta name='ocr-capabilities' content='ocr_page ocr_carea ocr_par ocr_line ocrx_word'/>
</head>
<body>
  <div class='ocr_page' id='page_1' title='image "./operaexrecensio02tacigoog_0085.png"; bbox 0 0 2158 3820; ppageno 0'>
   <div class='ocr_carea' id='block_1_1' title="bbox 98 155 976 224">
    <p class='ocr_par' dir='ltr' id='par_1_1' title="bbox 98 155 976 224">
     <span class='ocr_line' id='line_1_1' title="bbox 98 155 976 224; baseline -0.002 0"><span class='ocrx_word' id='word_1_1' title='bbox 98 155 148 224; x_wconf 75' lang='lat'>&#39;12</span> <span class='ocrx_word' id='word_1_2' title='bbox 180 177 183 182; x_wconf 45' lang='lat'>¹</span> <span class='ocrx_word' id='word_1_3' title='bbox 419 168 607 222; x_wconf 80' lang='lat' dir='ltr'>auusnrrrr</span> <span class='ocrx_word' id='word_1_4' title='bbox 828 173 861 222; x_wconf 80' lang='lat' dir='ltr'>s.</span> <span class='ocrx_word' id='word_1_5' title='bbox 876 171 908 222; x_wconf 84' lang='lat' dir='ltr'>r.</span> <span class='ocrx_word' id='word_1_6' title='bbox 924 174 976 224; x_wconf 84' lang='lat' dir='ltr'>aru.</span> 
     </span>
    </p>
   </div>
   <div class='ocr_carea' id='block_1_2' title="bbox 48 323 1062 3460">
    <p class='ocr_par' dir='ltr' id='par_1_2' title="bbox 98 323 1062 795">
     <span class='ocr_line' id='line_1_2' title="bbox 99 323 1062 404; baseline 0.002 -18"><span class='ocrx_word' id='word_1_7' title='bbox 99 342 211 404; x_wconf 88' lang='lat' dir='ltr'>quoquc</span> <span class='ocrx_word' id='word_1_8' title='bbox 238 324 345 392; x_wconf 87' lang='lat' dir='ltr'>victur,</span> <span class='ocrx_word' id='word_1_9' title='bbox 371 323 424 382; x_wconf 84' lang='lat' dir='ltr'>alii</span> <span class='ocrx_word' id='word_1_10' title='bbox 449 328 572 384; x_wconf 81' lang='lat' dir='ltr'>caritate</span> <span class='ocrx_word' id='word_1_11' title='bbox 599 339 726 392; x_wconf 86' lang='lat' dir='ltr'>suornm,</span> <span class='ocrx_word' id='word_1_12' title='bbox 758 343 831 400; x_wconf 85' lang='lat' dir='ltr'>quos</span> <span class='ocrx_word' id='word_1_13' title='bbox 861 326 978 400; x_wconf 84' lang='lat' dir='ltr'>eripere</span> <span class='ocrx_word' id='word_1_14' title='bbox 1061 325 1062 388; x_wconf 56' lang='lat'>³</span> 
     </span>
     <span class='ocr_line' id='line_1_3' title="bbox 98 408 1062 502; baseline 0 -18"><span class='ocrx_word' id='word_1_15' title='bbox 98 425 300 502; x_wconf 84' lang='lat' dir='ltr'>nequiverunt,</span> <span class='ocrx_word' id='word_1_16' title='bbox 313 423 446 499; x_wconf 83' lang='lat' dir='ltr'>quamvis</span> <span class='ocrx_word' id='word_1_17' title='bbox 461 429 579 495; x_wconf 65' lang='lat' dir='ltr'>&#39;salente</span> <span class='ocrx_word' id='word_1_18' title='bbox 593 423 711 498; x_wconf 79' lang='lat' dir='ltr'>effugio,</span> <span class='ocrx_word' id='word_1_19' title='bbox 724 424 874 482; x_wconf 85' lang='lat' dir='ltr'>interiere.</span> <span class='ocrx_word' id='word_1_20' title='bbox 908 408 935 482; x_wconf 83' lang='lat' dir='ltr'>N</span> <span class='ocrx_word' id='word_1_21' title='bbox 940 442 978 484; x_wconf 86' lang='lat' dir='ltr'>ec</span> <span class='ocrx_word' id='word_1_22' title='bbox 1061 419 1062 422; x_wconf 44' lang='lat'>&#39;</span> 
     </span>
     <span class='ocr_line' id='line_1_4' title="bbox 99 523 1062 601; baseline -0.003 -17"><span class='ocrx_word' id='word_1_23' title='bbox 99 525 248 601; x_wconf 86' lang='lat' dir='ltr'>quisquam</span> <span class='ocrx_word' id='word_1_24' title='bbox 260 524 430 582; x_wconf 37' lang='lat' dir='ltr'>defendere*</span> <span class='ocrx_word' id='word_1_25' title='bbox 441 525 575 592; x_wconf 85' lang='lat' dir='ltr'>audebat,</span> <span class='ocrx_word' id='word_1_26' title='bbox 588 524 698 582; x_wconf 86' lang='lat' dir='ltr'>crebris</span> <span class='ocrx_word' id='word_1_27' title='bbox 713 526 869 582; x_wconf 88' lang='lat' dir='ltr'>mullorum</span> <span class='ocrx_word' id='word_1_28' title='bbox 879 524 979 593; x_wconf 84' lang='lat' dir='ltr'>minis,</span> <span class='ocrx_word' id='word_1_29' title='bbox 1061 523 1062 530; x_wconf 74' lang='grc'>’</span> 
     </span>
     <span class='ocr_line' id='line_1_5' title="bbox 98 621 977 696; baseline -0.002 -14"><span class='ocrx_word' id='word_1_30' title='bbox 98 625 278 694; x_wconf 64' lang='lat' dir='ltr'>restinguere</span> <span class='ocrx_word' id='word_1_31' title='bbox 300 623 526 696; x_wconf 87' lang='lat' dir='ltr'>prohibentium,</span> <span class='ocrx_word' id='word_1_32' title='bbox 549 627 580 678; x_wconf 88' lang='lat' dir='ltr'>et</span> <span class='ocrx_word' id='word_1_33' title='bbox 604 621 672 696; x_wconf 87' lang='lat' dir='ltr'>quia</span> <span class='ocrx_word' id='word_1_34' title='bbox 696 622 748 680; x_wconf 90' lang='lat' dir='ltr'>alii</span> <span class='ocrx_word' id='word_1_35' title='bbox 769 625 868 693; x_wconf 74' lang='lat' dir='ltr'>pratum</span> <span class='ocrx_word' id='word_1_36' title='bbox 893 623 977 680; x_wconf 83' lang='lat' dir='ltr'>laces</span> 
     </span>
     <span class='ocr_line' id='line_1_6' title="bbox 100 720 978 795; baseline -0.003 -14"><span class='ocrx_word' id='word_1_37' title='bbox 100 723 258 790; x_wconf 85' lang='lat' dir='ltr'>iaciebant,</span> <span class='ocrx_word' id='word_1_38' title='bbox 281 727 367 795; x_wconf 86' lang='lat' dir='ltr'>atque</span> <span class='ocrx_word' id='word_1_39' title='bbox 388 739 452 778; x_wconf 86' lang='lat' dir='ltr'>esse</span> <span class='ocrx_word' id='word_1_40' title='bbox 468 720 524 778; x_wconf 82' lang='lat' dir='ltr'>sibi</span> <span class='ocrx_word' id='word_1_41' title='bbox 544 728 693 779; x_wconf 77' lang='lat' dir='ltr'>auctorem</span> <span class='ocrx_word' id='word_1_42' title='bbox 719 722 978 780; x_wconf 76' lang='lat' dir='ltr'>vociferabantur:</span> 
     </span>
    </p>

    <p class='ocr_par' dir='ltr' id='par_1_3' title="bbox 48 819 1062 2275">
     <span class='ocr_line' id='line_1_7' title="bbox 48 819 1062 892; baseline 0.001 -11"><span class='ocrx_word' id='word_1_43' title='bbox 48 819 165 881; x_wconf 76' lang='lat' dir='ltr'>39sive</span> <span class='ocrx_word' id='word_1_44' title='bbox 180 828 211 880; x_wconf 92' lang='lat' dir='ltr'>ut</span> <span class='ocrx_word' id='word_1_45' title='bbox 235 829 331 892; x_wconf 85' lang='lat' dir='ltr'>raptus</span> <span class='ocrx_word' id='word_1_46' title='bbox 353 820 487 878; x_wconf 87' lang='lat' dir='ltr'>licentius</span> <span class='ocrx_word' id='word_1_47' title='bbox 511 826 696 888; x_wconf 76' lang='lat' dir='ltr'>exercerent,</span> <span class='ocrx_word' id='word_1_48' title='bbox 722 839 774 878; x_wconf 86' lang='lat' dir='ltr'>ren</span> <span class='ocrx_word' id='word_1_49' title='bbox 797 820 888 878; x_wconf 86' lang='lat' dir='ltr'>iussu.</span> <span class='ocrx_word' id='word_1_50' title='bbox 930 821 979 878; x_wconf 79' lang='lat' dir='ltr'>Ide</span> <span class='ocrx_word' id='word_1_51' title='bbox 1061 875 1062 882; x_wconf 72' lang='grc'>,</span> 
     </span>
     <span class='ocr_line' id='line_1_8' title="bbox 102 917 1062 991; baseline 0 -13"><span class='ocrx_word' id='word_1_52' title='bbox 102 922 278 990; x_wconf 86' lang='lat' dir='ltr'>intempore</span> <span class='ocrx_word' id='word_1_53' title='bbox 299 920 388 984; x_wconf 87' lang='lat' dir='ltr'>Nero,</span> <span class='ocrx_word' id='word_1_54' title='bbox 414 917 498 975; x_wconf 86' lang='lat' dir='ltr'>Antii</span> <span class='ocrx_word' id='word_1_55' title='bbox 522 935 622 991; x_wconf 86' lang='lat' dir='ltr'>agens,</span> <span class='ocrx_word' id='word_1_56' title='bbox 637 936 695 976; x_wconf 90' lang='lat' dir='ltr'>non</span> <span class='ocrx_word' id='word_1_57' title='bbox 718 925 788 978; x_wconf 88' lang='lat' dir='ltr'>ante</span> <span class='ocrx_word' id='word_1_58' title='bbox 812 919 845 976; x_wconf 89' lang='lat' dir='ltr'>in</span> <span class='ocrx_word' id='word_1_59' title='bbox 874 921 979 978; x_wconf 90' lang='lat' dir='ltr'>urbam</span> <span class='ocrx_word' id='word_1_60' title='bbox 1061 945 1062 970; x_wconf 66' lang='lat' dir='ltr'>t</span> 
     </span>
     <span class='ocr_line' id='line_1_9' title="bbox 104 1005 1062 1092; baseline -0.001 -15"><span class='ocrx_word' id='word_1_61' title='bbox 104 1037 248 1092; x_wconf 73' lang='lat' dir='ltr'>regressus</span> <span class='ocrx_word' id='word_1_62' title='bbox 262 1024 315 1084; x_wconf 87' lang='lat' dir='ltr'>est,</span> <span class='ocrx_word' id='word_1_63' title='bbox 330 1034 415 1091; x_wconf 90' lang='lat' dir='ltr'>quam</span> <span class='ocrx_word' id='word_1_64' title='bbox 428 1017 610 1084; x_wconf 88' lang='lat' dir='ltr'>domnicius,</span> <span class='ocrx_word' id='word_1_65' title='bbox 622 1005 678 1092; x_wconf 84' lang='lat' dir='ltr'>qua</span> <span class='ocrx_word' id='word_1_66' title='bbox 692 1018 834 1091; x_wconf 85' lang='lat' dir='ltr'>palatium</span> <span class='ocrx_word' id='word_1_67' title='bbox 849 1024 879 1074; x_wconf 92' lang='lat' dir='ltr'>et</span> <span class='ocrx_word' id='word_1_68' title='bbox 895 1019 980 1076; x_wconf 84' lang='lat' dir='ltr'>Mae-</span> <span class='ocrx_word' id='word_1_69' title='bbox 1061 1015 1062 1022; x_wconf 63' lang='lat'><em>&#39;</em></span> 
     </span>
     <span class='ocr_line' id='line_1_10' title="bbox 110 1115 981 1192; baseline -0.002 -16"><span class='ocrx_word' id='word_1_70' title='bbox 110 1117 223 1176; x_wconf 84' lang='lat' dir='ltr'>canatis</span> <span class='ocrx_word' id='word_1_71' title='bbox 267 1117 363 1173; x_wconf 88' lang='lat' dir='ltr'>hortos</span> <span class='ocrx_word' id='word_1_72' title='bbox 387 1115 622 1183; x_wconf 84' lang='lat' dir='ltr'>continuaverat,</span> <span class='ocrx_word' id='word_1_73' title='bbox 654 1117 732 1192; x_wconf 76' lang='lat' dir='ltr'>ignis</span> <span class='ocrx_word' id='word_1_74' title='bbox 760 1118 981 1191; x_wconf 78' lang='lat' dir='ltr'><strong>propinquaret.</strong></span> 
     </span>
     <span class='ocr_line' id='line_1_11' title="bbox 105 1215 981 1290; baseline 0.002 -15"><span class='ocrx_word' id='word_1_75' title='bbox 105 1217 210 1290; x_wconf 85' lang='lat' dir='ltr'>Neque</span> <span class='ocrx_word' id='word_1_76' title='bbox 220 1221 317 1272; x_wconf 86' lang='lat' dir='ltr'>tamen</span> <span class='ocrx_word' id='word_1_77' title='bbox 332 1215 395 1272; x_wconf 85' lang='lat' dir='ltr'>sisti</span> <span class='ocrx_word' id='word_1_78' title='bbox 410 1215 512 1288; x_wconf 84' lang='lat' dir='ltr'>potuit,</span> <span class='ocrx_word' id='word_1_79' title='bbox 532 1216 603 1290; x_wconf 89' lang='lat' dir='ltr'>quin</span> <span class='ocrx_word' id='word_1_80' title='bbox 616 1219 647 1273; x_wconf 89' lang='lat' dir='ltr'>ei</span> <span class='ocrx_word' id='word_1_81' title='bbox 673 1216 814 1289; x_wconf 88' lang='lat' dir='ltr'>palatium</span> <span class='ocrx_word' id='word_1_82' title='bbox 829 1223 860 1272; x_wconf 87' lang='lat' dir='ltr'>et</span> <span class='ocrx_word' id='word_1_83' title='bbox 874 1218 981 1277; x_wconf 83' lang='lat' dir='ltr'>domus</span> 
     </span>
     <span class='ocr_line' id='line_1_12' title="bbox 106 1304 982 1386; baseline 0.003 -16"><span class='ocrx_word' id='word_1_84' title='bbox 106 1319 137 1371; x_wconf 84' lang='lat' dir='ltr'>et</span> <span class='ocrx_word' id='word_1_85' title='bbox 150 1319 257 1370; x_wconf 90' lang='lat' dir='ltr'>cuncta</span> <span class='ocrx_word' id='word_1_86' title='bbox 270 1313 379 1370; x_wconf 91' lang='lat' dir='ltr'>circum</span> <span class='ocrx_word' id='word_1_87' title='bbox 407 1313 596 1371; x_wconf 80' lang='lat' dir='ltr'>haurirentur.</span> <span class='ocrx_word' id='word_1_88' title='bbox 639 1304 700 1371; x_wconf 83' lang='lat' dir='ltr'>Sed</span> <span class='ocrx_word' id='word_1_89' title='bbox 718 1315 855 1372; x_wconf 89' lang='lat' dir='ltr'>solatium</span> <span class='ocrx_word' id='word_1_90' title='bbox 870 1317 982 1386; x_wconf 88' lang='lat' dir='ltr'>populu</span> 
     </span>
     <span class='ocr_line' id='line_1_13' title="bbox 107 1411 983 1486; baseline 0.002 -18"><span class='ocrx_word' id='word_1_91' title='bbox 107 1415 259 1470; x_wconf 79' lang='lat' dir='ltr'>exturbato</span> <span class='ocrx_word' id='word_1_92' title='bbox 272 1418 301 1468; x_wconf 92' lang='lat' dir='ltr'>et</span> <span class='ocrx_word' id='word_1_93' title='bbox 316 1411 434 1486; x_wconf 82' lang='lat' dir='ltr'>prolugc</span> <span class='ocrx_word' id='word_1_94' title='bbox 451 1429 585 1485; x_wconf 86' lang='lat' dir='ltr'>campum</span> <span class='ocrx_word' id='word_1_95' title='bbox 599 1411 703 1470; x_wconf 88' lang='lat' dir='ltr'>Martis</span> <span class='ocrx_word' id='word_1_96' title='bbox 725 1429 761 1470; x_wconf 88' lang='lat' dir='ltr'>ac</span> <span class='ocrx_word' id='word_1_97' title='bbox 789 1420 983 1470; x_wconf 64' lang='lat' dir='ltr'>monumenta</span> 
     </span>
     <span class='ocr_line' id='line_1_14' title="bbox 108 1511 982 1587; baseline -0.001 -16"><span class='ocrx_word' id='word_1_98' title='bbox 108 1512 276 1587; x_wconf 70' lang='lat' dir='ltr'>Agrippaer</span> <span class='ocrx_word' id='word_1_99' title='bbox 297 1511 394 1570; x_wconf 84' lang='lat' dir='ltr'>burins</span> <span class='ocrx_word' id='word_1_100' title='bbox 408 1512 476 1586; x_wconf 91' lang='lat' dir='ltr'>quin</span> <span class='ocrx_word' id='word_1_101' title='bbox 491 1512 580 1570; x_wconf 86' lang='lat' dir='ltr'>eliam</span> <span class='ocrx_word' id='word_1_102' title='bbox 594 1531 660 1570; x_wconf 89' lang='lat' dir='ltr'>suns</span> <span class='ocrx_word' id='word_1_103' title='bbox 674 1512 829 1584; x_wconf 75' lang='lat' dir='ltr'>patefecit:</span> <span class='ocrx_word' id='word_1_104' title='bbox 852 1519 882 1569; x_wconf 91' lang='lat' dir='ltr'>el</span> <span class='ocrx_word' id='word_1_105' title='bbox 902 1512 982 1570; x_wconf 88' lang='lat' dir='ltr'>subi·</span> 
     </span>
     <span class='ocr_line' id='line_1_15' title="bbox 108 1610 981 1684; baseline 0 -14"><span class='ocrx_word' id='word_1_106' title='bbox 108 1613 182 1670; x_wconf 83' lang='lat' dir='ltr'>taric</span> <span class='ocrx_word' id='word_1_107' title='bbox 195 1611 329 1670; x_wconf 85' lang='lat' dir='ltr'>aedilicia</span> <span class='ocrx_word' id='word_1_108' title='bbox 342 1610 495 1676; x_wconf 75' lang='lat' dir='ltr'>exstruxit,</span> <span class='ocrx_word' id='word_1_109' title='bbox 520 1630 593 1684; x_wconf 85' lang='lat' dir='ltr'>quae</span> <span class='ocrx_word' id='word_1_110' title='bbox 617 1610 834 1668; x_wconf 82' lang='lat' dir='ltr'>multitudinem</span> <span class='ocrx_word' id='word_1_111' title='bbox 855 1612 981 1684; x_wconf 82' lang='lat' dir='ltr'>inopem</span> 
     </span>
     <span class='ocr_line' id='line_1_16' title="bbox 109 1709 984 1783; baseline -0.001 -15"><span class='ocrx_word' id='word_1_112' title='bbox 109 1711 295 1782; x_wconf 72' lang='lat' dir='ltr'>acciperent:</span> <span class='ocrx_word' id='word_1_113' title='bbox 316 1711 512 1783; x_wconf 75' lang='lat' dir='ltr'>subvectaque</span> <span class='ocrx_word' id='word_1_114' title='bbox 539 1709 678 1766; x_wconf 85' lang='lat' dir='ltr'>utensilia</span> <span class='ocrx_word' id='word_1_115' title='bbox 700 1710 738 1764; x_wconf 91' lang='lat' dir='ltr'>ab</span> <span class='ocrx_word' id='word_1_116' title='bbox 764 1709 849 1766; x_wconf 88' lang='lat' dir='ltr'>Ostia</span> <span class='ocrx_word' id='word_1_117' title='bbox 869 1715 902 1766; x_wconf 90' lang='lat' dir='ltr'>et</span> <span class='ocrx_word' id='word_1_118' title='bbox 917 1727 984 1783; x_wconf 85' lang='lat' dir='ltr'>prc-</span> 
     </span>
     <span class='ocr_line' id='line_1_17' title="bbox 110 1807 981 1882; baseline 0 -16"><span class='ocrx_word' id='word_1_119' title='bbox 110 1808 224 1882; x_wconf 88' lang='lat' dir='ltr'>pinquis</span> <span class='ocrx_word' id='word_1_120' title='bbox 247 1807 429 1879; x_wconf 84' lang='lat' dir='ltr'>municipiis;</span> <span class='ocrx_word' id='word_1_121' title='bbox 460 1807 639 1882; x_wconf 80' lang='lat' dir='ltr'>pretiumque</span> <span class='ocrx_word' id='word_1_122' title='bbox 668 1807 807 1864; x_wconf 78' lang='lat' dir='ltr'>frumenti</span> <span class='ocrx_word' id='word_1_123' title='bbox 832 1807 981 1866; x_wconf 86' lang='lat' dir='ltr'>minutum</span> 
     </span>
     <span class='ocr_line' id='line_1_18' title="bbox 111 1907 1062 1981; baseline 0 -17"><span class='ocrx_word' id='word_1_124' title='bbox 111 1924 200 1979; x_wconf 88' lang='lat' dir='ltr'>nsque</span> <span class='ocrx_word' id='word_1_125' title='bbox 214 1907 250 1962; x_wconf 88' lang='lat' dir='ltr'>ad</span> <span class='ocrx_word' id='word_1_126' title='bbox 275 1908 371 1962; x_wconf 85' lang='lat' dir='ltr'>ternos</span> <span class='ocrx_word' id='word_1_127' title='bbox 395 1921 536 1962; x_wconf 85' lang='lat' dir='ltr'>nummus.</span> <span class='ocrx_word' id='word_1_128' title='bbox 579 1907 672 1978; x_wconf 85' lang='lat' dir='ltr'>Quae,</span> <span class='ocrx_word' id='word_1_129' title='bbox 692 1921 871 1981; x_wconf 59' lang='lat' dir='ltr'>quamquam¹</span> <span class='ocrx_word' id='word_1_130' title='bbox 891 1924 982 1979; x_wconf 90' lang='lat' dir='ltr'>popu·</span> <span class='ocrx_word' id='word_1_131' title='bbox 1061 1927 1062 1976; x_wconf 52' lang='lat'>3</span> 
     </span>
     <span class='ocr_line' id='line_1_19' title="bbox 111 1989 1062 2078; baseline 0 -15"><span class='ocrx_word' id='word_1_132' title='bbox 111 2004 195 2072; x_wconf 88' lang='lat' dir='ltr'>laria,</span> <span class='ocrx_word' id='word_1_133' title='bbox 218 2004 249 2061; x_wconf 92' lang='lat' dir='ltr'>in</span> <span class='ocrx_word' id='word_1_134' title='bbox 275 2004 391 2061; x_wconf 89' lang='lat' dir='ltr'>inritum</span> <span class='ocrx_word' id='word_1_135' title='bbox 411 2004 566 2071; x_wconf 88' lang='lat' dir='ltr'>cadebant,</span> <span class='ocrx_word' id='word_1_136' title='bbox 589 2003 657 2078; x_wconf 88' lang='lat' dir='ltr'>quia</span> <span class='ocrx_word' id='word_1_137' title='bbox 679 2010 849 2078; x_wconf 85' lang='lat' dir='ltr'>pervaserat</span> <span class='ocrx_word' id='word_1_138' title='bbox 874 2021 983 2073; x_wconf 86' lang='lat' dir='ltr'>rumor,</span> <span class='ocrx_word' id='word_1_139' title='bbox 1061 1989 1062 2004; x_wconf 41' lang='lat'>¹</span> 
     </span>
     <span class='ocr_line' id='line_1_20' title="bbox 113 2100 983 2176; baseline 0 -16"><span class='ocrx_word' id='word_1_140' title='bbox 113 2103 195 2176; x_wconf 86' lang='lat' dir='ltr'>‘ipsc</span> <span class='ocrx_word' id='word_1_141' title='bbox 209 2109 338 2176; x_wconf 88' lang='lat' dir='ltr'>tempore</span> <span class='ocrx_word' id='word_1_142' title='bbox 357 2100 504 2175; x_wconf 83' lang='lat' dir='ltr'>flagrantis</span> <span class='ocrx_word' id='word_1_143' title='bbox 529 2101 616 2170; x_wconf 89' lang='lat' dir='ltr'>urbis,</span> <span class='ocrx_word' id='word_1_144' title='bbox 638 2103 729 2160; x_wconf 85' lang='lat' dir='ltr'>inisse</span> <span class='ocrx_word' id='word_1_145' title='bbox 751 2121 819 2160; x_wconf 91' lang='lat' dir='ltr'>eum</span> <span class='ocrx_word' id='word_1_146' title='bbox 842 2103 983 2160; x_wconf 88' lang='lat' dir='ltr'>domesti-</span> 
     </span>
     <span class='ocr_line' id='line_1_21' title="bbox 113 2201 985 2275; baseline -0.001 -15"><span class='ocrx_word' id='word_1_147' title='bbox 113 2207 196 2260; x_wconf 80' lang='lat' dir='ltr'>‘caur</span> <span class='ocrx_word' id='word_1_148' title='bbox 209 2215 327 2260; x_wconf 79' lang='lat' dir='ltr'>scenam</span> <span class='ocrx_word' id='word_1_149' title='bbox 341 2206 371 2258; x_wconf 89' lang='lat' dir='ltr'>et</span> <span class='ocrx_word' id='word_1_150' title='bbox 385 2201 528 2258; x_wconf 75' lang='lat' dir='ltr'>cecinisse</span> <span class='ocrx_word' id='word_1_151' title='bbox 544 2201 706 2258; x_wconf 80' lang='lat' dir='ltr'>Troianum</span> <span class='ocrx_word' id='word_1_152' title='bbox 720 2201 879 2268; x_wconf 84' lang='lat' dir='ltr'>excidium,</span> <span class='ocrx_word' id='word_1_153' title='bbox 891 2218 985 2275; x_wconf 86' lang='lat' dir='ltr'>prae·</span> 
     </span>
    </p>

    <p class='ocr_par' dir='ltr' id='par_1_4' title="bbox 60 2297 1062 3460">
     <span class='ocr_line' id='line_1_22' title="bbox 60 2297 986 2368; baseline 0 -10"><span class='ocrx_word' id='word_1_154' title='bbox 60 2309 102 2368; x_wconf 83' lang='grc' dir='ltr'>4ο</span> <span class='ocrx_word' id='word_1_155' title='bbox 113 2307 121 2335; x_wconf 90' lang='lat'>‘</span> <span class='ocrx_word' id='word_1_156' title='bbox 132 2301 226 2359; x_wconf 87' lang='lat' dir='ltr'>sentia</span> <span class='ocrx_word' id='word_1_157' title='bbox 240 2304 316 2360; x_wconf 90' lang='lat' dir='ltr'>mala</span> <span class='ocrx_word' id='word_1_158' title='bbox 330 2299 451 2357; x_wconf 86' lang='lat' dir='ltr'>vetustis</span> <span class='ocrx_word' id='word_1_159' title='bbox 473 2299 605 2356; x_wconf 76' lang='lat' dir='ltr'>cladibus</span> <span class='ocrx_word' id='word_1_160' title='bbox 626 2297 871 2358; x_wconf 85' lang='lat' dir='ltr'>adsimulaniem.’</span> <span class='ocrx_word' id='word_1_161' title='bbox 908 2301 986 2358; x_wconf 86' lang='lat' dir='ltr'>Sex·</span> 
     </span>
     <span class='ocr_line' id='line_1_23' title="bbox 114 2397 984 2472; baseline -0.002 -14"><span class='ocrx_word' id='word_1_162' title='bbox 114 2406 145 2458; x_wconf 89' lang='lat' dir='ltr'>tc</span> <span class='ocrx_word' id='word_1_163' title='bbox 158 2404 272 2460; x_wconf 89' lang='lat' dir='ltr'>demum</span> <span class='ocrx_word' id='word_1_164' title='bbox 296 2400 354 2466; x_wconf 91' lang='lat' dir='ltr'>die,</span> <span class='ocrx_word' id='word_1_165' title='bbox 378 2399 453 2472; x_wconf 91' lang='lat' dir='ltr'>apud</span> <span class='ocrx_word' id='word_1_166' title='bbox 467 2397 540 2454; x_wconf 88' lang='lat' dir='ltr'>imas</span> <span class='ocrx_word' id='word_1_167' title='bbox 569 2398 725 2471; x_wconf 80' lang='lat' dir='ltr'>Esquilias,</span> <span class='ocrx_word' id='word_1_168' title='bbox 746 2399 812 2456; x_wconf 88' lang='lat' dir='ltr'>linis</span> <span class='ocrx_word' id='word_1_169' title='bbox 838 2397 984 2456; x_wconf 89' lang='lat' dir='ltr'>incendic</span> 
     </span>
     <span class='ocr_line' id='line_1_24' title="bbox 114 2497 987 2574; baseline -0.003 -16"><span class='ocrx_word' id='word_1_170' title='bbox 114 2500 214 2570; x_wconf 83' lang='lat' dir='ltr'>lactus,</span> <span class='ocrx_word' id='word_1_171' title='bbox 228 2499 350 2574; x_wconf 86' lang='lat' dir='ltr'>prorutis</span> <span class='ocrx_word' id='word_1_172' title='bbox 365 2515 415 2570; x_wconf 90' lang='lat' dir='ltr'>per</span> <span class='ocrx_word' id='word_1_173' title='bbox 427 2497 599 2554; x_wconf 89' lang='lat' dir='ltr'>immensum</span> <span class='ocrx_word' id='word_1_174' title='bbox 613 2497 765 2562; x_wconf 87' lang='lat' dir='ltr'>aedificiis,</span> <span class='ocrx_word' id='word_1_175' title='bbox 779 2501 811 2553; x_wconf 91' lang='lat' dir='ltr'>ut</span> <span class='ocrx_word' id='word_1_176' title='bbox 822 2497 987 2555; x_wconf 82' lang='lat' dir='ltr'>continnae</span> 
     </span>
     <span class='ocr_line' id='line_1_25' title="bbox 115 2597 987 2667; baseline -0.002 -12"><span class='ocrx_word' id='word_1_177' title='bbox 115 2598 275 2656; x_wconf 87' lang='lat' dir='ltr'>violentiae</span> <span class='ocrx_word' id='word_1_178' title='bbox 297 2613 414 2667; x_wconf 89' lang='lat' dir='ltr'>campus</span> <span class='ocrx_word' id='word_1_179' title='bbox 429 2601 460 2652; x_wconf 92' lang='lat' dir='ltr'>et</span> <span class='ocrx_word' id='word_1_180' title='bbox 481 2597 563 2652; x_wconf 87' lang='lat' dir='ltr'>velut</span> <span class='ocrx_word' id='word_1_181' title='bbox 578 2611 702 2653; x_wconf 90' lang='lat' dir='ltr'>vacuum</span> <span class='ocrx_word' id='word_1_182' title='bbox 715 2599 831 2654; x_wconf 87' lang='lat' dir='ltr'>caelum</span> <span class='ocrx_word' id='word_1_183' title='bbox 849 2612 987 2654; x_wconf 81' lang='lat' dir='ltr'>cucume-</span> 
     </span>
     <span class='ocr_line' id='line_1_26' title="bbox 111 2692 1062 2765; baseline -0.005 -12"><span class='ocrx_word' id='word_1_184' title='bbox 111 2701 168 2754; x_wconf 70' lang='lat' dir='ltr'>‘ret</span> <span class='ocrx_word' id='word_1_185' title='bbox 210 2697 275 2752; x_wconf 89' lang='lat' dir='ltr'>Nec</span> <span class='ocrx_word' id='word_1_186' title='bbox 301 2695 370 2752; x_wconf 87' lang='lat' dir='ltr'>dum</span> <span class='ocrx_word' id='word_1_187' title='bbox 392 2692 486 2765; x_wconf 86' lang='lat' dir='ltr'>posito</span> <span class='ocrx_word' id='word_1_188' title='bbox 510 2699 597 2762; x_wconf 84' lang='lat' dir='ltr'>metu,</span> <span class='ocrx_word' id='word_1_189' title='bbox 617 2693 730 2751; x_wconf 85' lang='lat' dir='ltr'>redibat</span> <span class='ocrx_word' id='word_1_190' title='bbox 760 2693 856 2750; x_wconf 86' lang='lat' dir='ltr'>levius</span> <span class='ocrx_word' id='word_1_191' title='bbox 871 2711 991 2752; x_wconf 81' lang='lat' dir='ltr'>rursum</span> <span class='ocrx_word' id='word_1_192' title='bbox 1061 2745 1062 2748; x_wconf 74' lang='grc'>,</span> 
     </span>
     <span class='ocr_line' id='line_1_27' title="bbox 115 2779 1062 2870; baseline 0 -20"><span class='ocrx_word' id='word_1_193' title='bbox 115 2797 262 2870; x_wconf 83' lang='lat' dir='ltr'>grassatus</span> <span class='ocrx_word' id='word_1_194' title='bbox 289 2791 374 2864; x_wconf 85' lang='lat' dir='ltr'>ignis,</span> <span class='ocrx_word' id='word_1_195' title='bbox 405 2790 511 2864; x_wconf 86' lang='lat' dir='ltr'>patulis</span> <span class='ocrx_word' id='word_1_196' title='bbox 533 2792 624 2866; x_wconf 81' lang='lat' dir='ltr'>magis</span> <span class='ocrx_word' id='word_1_197' title='bbox 652 2793 729 2850; x_wconf 88' lang='lat' dir='ltr'>urbis</span> <span class='ocrx_word' id='word_1_198' title='bbox 768 2791 858 2862; x_wconf 87' lang='lat' dir='ltr'>locis;</span> <span class='ocrx_word' id='word_1_199' title='bbox 888 2810 986 2867; x_wconf 89' lang='lat' dir='ltr'>eoque</span> <span class='ocrx_word' id='word_1_200' title='bbox 1061 2779 1062 2832; x_wconf 67' lang='grc' dir='ltr'>Ῑ</span> 
     </span>
     <span class='ocr_line' id='line_1_28' title="bbox 117 2889 1062 2965; baseline -0.002 -15"><span class='ocrx_word' id='word_1_201' title='bbox 117 2898 226 2965; x_wconf 75' lang='lat' dir='ltr'>strages</span> <span class='ocrx_word' id='word_1_202' title='bbox 250 2889 397 2948; x_wconf 90' lang='lat' dir='ltr'>bominum</span> <span class='ocrx_word' id='word_1_203' title='bbox 418 2889 518 2948; x_wconf 89' lang='lat' dir='ltr'>minor.</span> <span class='ocrx_word' id='word_1_204' title='bbox 540 2892 660 2949; x_wconf 85' lang='lat' dir='ltr'>delubra</span> <span class='ocrx_word' id='word_1_205' title='bbox 684 2893 781 2949; x_wconf 88' lang='lat' dir='ltr'>Deum</span> <span class='ocrx_word' id='word_1_206' title='bbox 805 2897 834 2947; x_wconf 88' lang='lat' dir='ltr'>et</span> <span class='ocrx_word' id='word_1_207' title='bbox 855 2891 988 2963; x_wconf 84' lang='lat' dir='ltr'>porticus</span> <span class='ocrx_word' id='word_1_208' title='bbox 1061 2905 1062 2964; x_wconf 62' lang='lat' dir='ltr'>l</span> 
     </span>
     <span class='ocr_line' id='line_1_29' title="bbox 117 2965 1062 3060; baseline -0.003 -12"><span class='ocrx_word' id='word_1_209' title='bbox 117 2987 287 3050; x_wconf 86' lang='lat' dir='ltr'>amoenitati</span> <span class='ocrx_word' id='word_1_210' title='bbox 309 2986 424 3044; x_wconf 86' lang='lat' dir='ltr'>dicatae</span> <span class='ocrx_word' id='word_1_211' title='bbox 449 2985 535 3044; x_wconf 87' lang='lat' dir='ltr'>latius</span> <span class='ocrx_word' id='word_1_212' title='bbox 560 2987 719 3060; x_wconf 88' lang='lat' dir='ltr'>procidere.</span> <span class='ocrx_word' id='word_1_213' title='bbox 761 2987 887 3060; x_wconf 89' lang='lat' dir='ltr'>Plusque</span> <span class='ocrx_word' id='word_1_214' title='bbox 911 2987 988 3045; x_wconf 74' lang='lat' dir='ltr'>inia-</span> <span class='ocrx_word' id='word_1_215' title='bbox 1061 2965 1062 3028; x_wconf 35' lang='lat' dir='ltr'>f</span> 
     </span>
     <span class='ocr_line' id='line_1_30' title="bbox 118 3083 1062 3160; baseline -0.005 -13"><span class='ocrx_word' id='word_1_216' title='bbox 118 3089 193 3148; x_wconf 89' lang='lat' dir='ltr'>miae</span> <span class='ocrx_word' id='word_1_217' title='bbox 207 3088 238 3145; x_wconf 90' lang='lat' dir='ltr'>id</span> <span class='ocrx_word' id='word_1_218' title='bbox 261 3085 430 3146; x_wconf 90' lang='lat' dir='ltr'>incendium</span> <span class='ocrx_word' id='word_1_219' title='bbox 458 3085 567 3152; x_wconf 84' lang='lat' dir='ltr'>habuit,</span> <span class='ocrx_word' id='word_1_220' title='bbox 589 3086 654 3160; x_wconf 88' lang='lat' dir='ltr'>quia</span> <span class='ocrx_word' id='word_1_221' title='bbox 682 3085 807 3158; x_wconf 79' lang='lat' dir='ltr'>praediis</span> <span class='ocrx_word' id='word_1_222' title='bbox 837 3083 988 3156; x_wconf 75' lang='lat' dir='ltr'>Tigellini</span> <span class='ocrx_word' id='word_1_223' title='bbox 1061 3117 1062 3122; x_wconf 20' lang='grc' dir='ltr'><strong><em>κ</em></strong></span> 
     </span>
     <span class='ocr_line' id='line_1_31' title="bbox 119 3161 1062 3259; baseline -0.005 -12"><span class='ocrx_word' id='word_1_224' title='bbox 119 3186 295 3248; x_wconf 83' lang='lat' dir='ltr'>Aemilianis</span> <span class='ocrx_word' id='word_1_225' title='bbox 305 3191 478 3259; x_wconf 84' lang='lat' dir='ltr'>proruperat.</span> <span class='ocrx_word' id='word_1_226' title='bbox 521 3184 740 3259; x_wconf 80' lang='lat' dir='ltr'>videbaturque</span> <span class='ocrx_word' id='word_1_227' title='bbox 762 3185 842 3240; x_wconf 88' lang='lat' dir='ltr'>Nero</span> <span class='ocrx_word' id='word_1_228' title='bbox 855 3185 987 3242; x_wconf 87' lang='lat' dir='ltr'>cunden-</span> <span class='ocrx_word' id='word_1_229' title='bbox 1061 3161 1062 3208; x_wconf 29' lang='grc' dir='ltr'>ἕ</span> 
     </span>
     <span class='ocr_line' id='line_1_32' title="bbox 118 3273 1062 3356; baseline -0.011 -12"><span class='ocrx_word' id='word_1_230' title='bbox 118 3288 173 3350; x_wconf 85' lang='lat' dir='ltr'>dae</span> <span class='ocrx_word' id='word_1_231' title='bbox 186 3285 263 3344; x_wconf 89' lang='lat' dir='ltr'>urbis</span> <span class='ocrx_word' id='word_1_232' title='bbox 277 3301 372 3342; x_wconf 88' lang='lat' dir='ltr'>nuvae</span> <span class='ocrx_word' id='word_1_233' title='bbox 386 3277 626 3354; x_wconf 80' lang='lat' dir='ltr'>et&#39;cognnrnentu</span> <span class='ocrx_word' id='word_1_234' title='bbox 649 3301 702 3342; x_wconf 91' lang='lat' dir='ltr'>suo</span> <span class='ocrx_word' id='word_1_235' title='bbox 716 3283 910 3356; x_wconf 86' lang='lat' dir='ltr'>adpellandae</span> <span class='ocrx_word' id='word_1_236' title='bbox 925 3285 987 3356; x_wconf 73' lang='lat' dir='ltr'>git&gt;</span> <span class='ocrx_word' id='word_1_237' title='bbox 1061 3273 1062 3334; x_wconf 58' lang='grc' dir='ltr'>ζ</span> 
     </span>
     <span class='ocr_line' id='line_1_33' title="bbox 119 3379 986 3460; baseline -0.005 -18"><span class='ocrx_word' id='word_1_238' title='bbox 119 3385 190 3451; x_wconf 82' lang='lat' dir='ltr'>riam</span> <span class='ocrx_word' id='word_1_239' title='bbox 212 3401 360 3460; x_wconf 87' lang='lat' dir='ltr'>quaerere.</span> <span class='ocrx_word' id='word_1_240' title='bbox 410 3380 525 3452; x_wconf 74' lang='lat' dir='ltr'>Quippe</span> <span class='ocrx_word' id='word_1_241' title='bbox 548 3379 579 3438; x_wconf 91' lang='lat' dir='ltr'>in</span> <span class='ocrx_word' id='word_1_242' title='bbox 603 3384 737 3456; x_wconf 78' lang='lat' dir='ltr'>regiones</span> <span class='ocrx_word' id='word_1_243' title='bbox 764 3381 986 3457; x_wconf 85' lang='lat' dir='ltr'>quatuordecim</span> 
     </span>
    </p>
   </div>
   <div class='ocr_carea' id='block_1_3' title="bbox 0 0 1101 3820">
    <p class='ocr_par' dir='ltr' id='par_1_5' title="bbox 0 0 1101 3820">
     <span class='ocr_line' id='line_1_34' title="bbox 0 0 1101 3820; baseline 0 0"><span class='ocrx_word' id='word_1_244' title='bbox 0 0 1101 3820; x_wconf 95' lang='lat' dir='ltr'> </span> 
     </span>
    </p>
   </div>
  </div>
 </body>
</html>
