2090 3838
7 239 9 316 t
92 225 163 297 176
390 245 643 295 rrrsroarsavu
809 254 842 298 s.
858 247 956 298 urm.

88 405 189 466 nactus
208 403 245 462 ad
269 415 393 478 posnam
406 403 585 479 flagitavere,
608 403 726 461 diverso
752 402 961 478 adfectuum·

88 507 141 565 bns
167 505 265 564 odium
293 503 419 562 Neronis
449 503 556 570 inerat,-
578 507 610 560 et
642 503 744 578 quibus
766 503 953 560 desiderium.

90 605 178 680 Apud
198 605 324 663 Galbam
346 601 386 660 Τ.
407 601 491 660 Vinii
507 601 637 674 potentia
658 601 806 668 (teleneus,
820 608 956 674 praetex-

90 706 176 774 entis,
206 709 343 763 ammom
366 701 402 760 ul
428 719 459 758 ro
479 700 586 781 filiam.
619 705 650 759 st
676 701 752 758 band
777 699 866 758 dubie
895 715 952 756 ser-

91 809 221 871 vaverat,
244 820 301 861 non
325 801 491 867 clementia,
512 801 618 876 quippe
641 805 684 857 tot
705 799 878 867 interiectis,
900 799 953 856 sed

89 903 196 976 effugio
228 903 258 960 in
291 899 423 960 futurum.
452 899 518 974 quia
552 899 693 973 pessimus
725 900 854 973 quisquc,
881 897 955 956 diffi-

89 1001 189 1060 dentis
222 1000 414 1074 praesentium
447 998 637 1056 mutationem
670 1015 790 1072 pavens,
813 1001 955 1054 adversus

89 1101 237 1175 publicum
260 1100 356 1156 odium
376 1097 518 1171 privatam
539 1098 661 1172 gratiam
685 1103 855 1170 praeparat3
876 1097 954 1154 unde

89 1201 170 1256 nulla
189 1195 376 1255 innocentiae
399 1215 477 1265 cura,
500 1199 551 1253 sed
580 1196 662 1254 vices
685 1193 865 1268 inpunitatis.
908 1195 957 1252 Eo

90 1296 229 1353 infensior
243 1297 372 1368 populus,
395 1293 493 1352 additu
518 1296 554 1352 ad
581 1303 664 1352 vetus
687 1295 832 1370 Tigellini
854 1295 955 1352 orrum

89 1395 200 1454 recenti
216 1395 256 1452 Τ.
270 1395 354 1452 Vinii
379 1391 507 1453 invidis:
528 1397 729 1453 concurreree
750 1402 811 1453 tota
837 1397 909 1452 urbs
923 1395 956 1452 iu

89 1496 229 1569 palatium
259 1511 294 1552 ac
318 1494 386 1560 fors,
416 1499 457 1561 et,
486 1494 536 1551 ubi
569 1495 691 1566 piurima
718 1493 800 1570 vulgi
820 1495 954 1562 licentis,

90 1591 121 1651 iu
142 1594 250 1651 circum
270 1610 305 1650 ac
326 1593 437 1651 theatra
461 1592 552 1659 etiusi,
579 1593 724 1650 seditiosis
756 1594 877 1650 vocibus
906 1593 957 1649 ob-

91 1697 235 1764 strepere:
263 1694 359 1750 donec
384 1691 560 1767 Tigellinus,
588 1698 711 1765 accepto
735 1695 810 1765 apud
836 1693 955 1751 Sinues-

90 1808 175 1848 sanas
190 1809 277 1865 aquus
290 1807 439 1864 supremae
460 1790 643 1848 necessitatis
667 1792 778 1858 nuntio,
798 1791 874 1848 inter
897 1799 957 1850 stu·

90 1907 140 1961 pra
155 1889 380 1946 concubinarum
394 1893 423 1945 et
443 1891 541 1946 oscula
562 1895 592 1947 et
605 1881 746 1947 deformes
762 1905 865 1955 morus,
891 1907 956 1948 sec·

90 1986 128 2044 tis
172 1990 314 2045 novacula
347 1987 487 2053 saucibus,
524 1988 660 2046 infamem
694 1989 785 2045 vitam
819 1989 956 2046 foedavit

39 2071 177 2143 73etiam
204 2086 284 2143 exitu
308 2086 368 2143 iero
395 2093 424 2144 et
451 2087 613 2144 inhonesto.
655 2087 712 2144 Per
734 2087 814 2144 idem
838 2093 957 2161 tempus

90 2187 271 2256 expostulata
291 2186 327 2242 ad
346 2185 518 2258 supplicium
548 2185 655 2243 Gatvia
671 2185 839 2258 Crispinilla
863 2185 953 2243 variis

89 2283 324 2349 frustrationibus,
339 2291 368 2339 et
382 2285 504 2340 adversa
518 2284 726 2340 dissimulantis
747 2285 892 2357 Principis
913 2285 953 2342 ia·

90 2401 146 2448 ma,
167 2384 294 2456 periculo
315 2387 449 2455 exempta
474 2389 535 2438 est:
557 2384 693 2456 magistra
718 2383 870 2440 libidinum
892 2383 957 2442 Ne·
1040 2429 1041 2444 r

89 2483 177 2547 runis,
196 2487 371 2554 transgressa
398 2481 428 2537 in
465 2479 603 2546 Airioam,
637 2483 673 2536 sal
704 2480 900 2555 instigantium
921 2481 956 2539 in

90 2595 169 2636 orma
193 2581 327 2637 clodium
357 2579 496 2644 Mamm,
512 2579 616 2636 tarnem
637 2583 743 2652 populo
767 2580 851 2637 Rom.
873 2581 952 2636 haud

89 2681 209 2738 obscure
233 2679 342 2758 molita,
364 2677 450 2734 totius
477 2677 730 2749 pontescivitatis
754 2682 876 2752 gratiam
902 2681 952 2736 ob·
1039 2671 1040 2723 l

90 2777 187 2845 tinuit,
201 2776 352 2834 consulari
377 2776 560 2833 matrimonio
580 2777 712 2845 subnixa,
737 2783 766 2834 ct
790 2779 865 2850 apud
880 2779 953 2835 Gal·

89 2880 164 2941 baur,
188 2877 342 2941 Othonem,
357 2875 510 2932 Vitellium
535 2875 664 2933 inlaesa:
685 2893 752 2933 mox
777 2883 880 2949 potens
903 2895 951 2950 pe·

17 2955 21 2963 ¹
88 2976 175 3034 cunis
195 2981 224 3031 et
248 2974 380 3040 orbitate,
407 2991 480 3048 quae
504 2976 586 3032 bouis
611 2975 749 3048 malisque
774 2975 950 3048 temporibus

2 3060 294 3133 ‘liinxrsvatent
337 3073 461 3129 Crebrae
477 3073 602 3136 iuterim,
615 3081 644 3130 ct
670 3074 855 3130 muliebribus
870 3076 950 3132 blan·
1037 3095 1038 3128 ;

87 3173 223 3231 (timentis
237 3172 372 3235 iniectae,
386 3172 422 3226 ab
437 3170 553 3227 Othone
577 3173 614 3229 art
629 3171 783 3230 Vitellium
798 3149 953 3245 epistotae,

87 3271 245 3328 offerebant
261 3265 407 3344 peccuniam
419 3273 445 3322 et
462 3267 589 3340 gratiam
608 3277 633 3327 et
653 3287 837 3346 quemcunque
850 3269 949 3347 pristis
1036 3299 1037 3302 ¹

86 3367 176 3424 burm
183 3365 321 3444 prodigus
334 3363 403 3420 uitur
416 3361 537 3438 legisset.
571 3367 656 3424 Paria
671 3368 810 3426 Vitellius
824 3376 949 3427 ostenta·

86 3465 144 3536 bat,
163 3465 254 3541 primo
277 3462 401 3533 mollius,
423 3463 511 3521 stulta
534 3463 675 3540 utrimque
699 3473 730 3524 et
752 3467 893 3528 indecora
914 3469 948 3526 si·
