2090 3838
64 137 139 220 254
251 183 255 190 -
355 156 609 204 ursuoaraavll
789 155 927 206 avan.

65 309 167 364 cordes
199 307 326 366 Vitellio
359 309 432 368 nibil
462 308 651 367 auctoritatis.
680 309 780 366 munia
814 309 929 383 lmperii
1040 331 1041 358 1

66 406 198 464 Caecina
212 401 248 466 ac
262 408 375 466 Valeas
388 407 526 466 obibant:
546 407 618 466 olim
638 408 721 466 anxii
741 407 826 474 odiis,
850 425 931 481 quas,

66 507 146 564 bellu
158 512 189 564 et
202 506 305 566 castris
319 509 395 564 male
409 504 599 572 dissimulata,
621 506 751 579 pravitas
764 506 932 573 amicorum,

66 609 96 664 at
110 605 233 664 locanda
247 603 400 679 gignendis
414 603 577 662 inimicitiis
590 603 706 670 civitas,
725 605 934 670 anseral,dun

9 687 13 696 ’
66 703 188 770 ambitu,
210 703 359 770 comitatu,
379 701 574 760 et-inmcnsis
597 702 786 763 salutantium
813 702 935 776 agmini-
1041 765 1042 768 ,

67 802 119 858 bur
135 802 315 858 contendunt
335 806 610 875 comparanturqusa
631 800 720 858 variis
740 799 771 856 in
793 800 872 856 bunc
885 804 936 857 aut

67 899 150 956 illum
170 899 287 958 Vitellii
307 897 552 956 inclinationibus.
594 899 661 956 Nec
681 899 892 972 unquamaatis
906 899 938 956 ti·

67 997 106 1054 da
136 997 274 1069 potentia,
301 997 350 1054 ubi
378 997 467 1054 nimis
500 1001 554 1052 est.
596 995 688 1054 Simul
714 998 812 1068 ipsum
842 997 937 1056 Vitel-

68 1095 148 1162 lium,
162 1094 263 1152 subitis
277 1094 393 1152 offensis
407 1100 456 1152 aut
469 1093 684 1168 intempestivis
705 1093 854 1170 blanditiis
877 1112 936 1152 mu-

69 1191 197 1258 tabilem,
240 1195 468 1250 contemnebant
505 1194 736 1267 metuebantque.
778 1176 866 1249 'Nee
899 1210 938 1250 eo

67 1289 185 1364 segnius
212 1289 388 1362 invaserant
408 1293 519 1358 domos,
553 1291 659 1359 hortos,
693 1307 819 1366 opesque
840 1291 936 1364 Impe-

68 1390 123 1448 rii:
156 1407 222 1448 cum
255 1389 358 1448 debilis
391 1395 422 1446 el
456 1407 546 1463 egena
573 1389 713 1447 nobilium
741 1391 833 1455 turba,
864 1407 937 1462 quos

69 1490 147 1562 ipsos
159 1489 318 1563 liberosque
334 1487 443 1560 patriae
458 1488 553 1544 Galba
568 1487 740 1553 reddiderat,
755 1489 835 1544 nulla
854 1488 938 1546 Prin·
1043 1472 1044 1544 i

69 1589 145 1661 cipis
172 1587 368 1646 misericordia
394 1586 568 1644 iuvarentur.
619 1586 742 1644 Gratum
766 1586 937 1658 primoribus

69 1686 211 1752 civitatis,
224 1687 314 1744 etiam
338 1685 437 1757 plebea
456 1683 639 1757 adprobavit,
652 1686 727 1758 quod
752 1684 877 1742 reversis
899 1685 939 1742 ab

70 1783 161 1842 exilio
180 1783 251 1840 iura·
269 1785 435 1840 libertorum
460 1783 672 1840 concessisset:
705 1799 879 1856 quamquam
906 1783 938 1840 id

70 1880 150 1938 omni
177 1882 263 1938 modo
289 1881 409 1940 servilia
435 1881 555 1956 ingenia
585 1882 824 1954 conrumpebaul,
856 1880 939 1938 abdi·

70 1979 107 2036 tis
135 1978 267 2050 pecuniis
294 1997 345 2052 per
370 1982 501 2037 occultos
527 1985 576 2038 aut
596 1979 764 2038 ambitiosos
790 1979 880 2036 sinus.
905 1983 938 2036 et

70 2078 187 2152 quidam
210 2076 242 2134 in
265 2065 382 2136 domurn
403 2078 537 2136 Caesaris
557 2079 735 2152 transgressi,
754 2083 842 2152 atque
863 2077 937 2148 ipsis

18 2176 195 2236 ducaminis
219 2176 404 2249 potentiores.
447 2178 506 2234 Sed
529 2177 622 2244 miles,
646 2178 739 2250 plenis
769 2177 881 2245 castris,
895 2182 938 2244 et,

71 2277 251 2334 redundante
275 2275 468 2342 multitudine,
492 2275 523 2332 in
551 2275 707 2348 porticibus
731 2282 781 2332 aut
809 2275 939 2332 delubris

71 2383 101 2432 et
116 2377 184 2432 urbe
209 2381 269 2432 tota
294 2391 395 2448 vagus,
409 2391 468 2430 non
493 2373 636 2448 principia
660 2392 791 2441 noscere,
805 2391 863 2432 non
879 2391 939 2430 ser·

70 2491 141 2530 vare
169 2472 294 2546 vigilias,
316 2490 409 2545 neque
432 2473 528 2530 labore
551 2473 673 2530 firmari:
694 2491 747 2546 per
771 2474 938 2530 inlecebras

69 2571 157 2638 urbis,
184 2577 213 2628 st
237 2571 392 2630 inbonesta
406 2571 497 2639 dictu,
517 2587 621 2643 corpus
647 2571 716 2635 otio,
744 2574 877 2630 animum
904 2571 939 2630 li·

69 2669 216 2726 bidinibas
239 2669 450 2728 inminuebant.
500 2669 659 2736 Postremo,
688 2689 724 2726 ne
748 2673 850 2728 salutis
877 2670 940 2745 qui-

69 2767 137 2824 dern
150 2784 228 2824 cura.
252 2766 406 2826 infamibus
421 2767 562 2826 Vaticani
583 2770 654 2828 locis
678 2787 782 2844 magna
808 2789 873 2844 pars
897 2775 961 2830 te·⁴

69 2865 183 2926 tendit:
213 2867 289 2922 unde
317 2867 436 2922 crebrae
462 2866 493 2923 io
514 2870 624 2942 vulgus
650 2857 765 2925 mortes.
817 2869 866 2936 Et,
889 2871 940 2928 ad·

68 2963 186 3022 iacente
201 2963 317 3030 Tiberi,
341 2964 551 3022 Germanorum
572 2966 778 3041 Gallorumque
805 2969 939 3026 obnoxia

69 3062 177 3122 morbis
192 3078 311 3134 corpora
325 3061 451 3120 fluminis
466 3063 601 3130 aviditas,
615 3070 645 3121 et
671 3075 767 3122 aestua
791 3064 938 3139 inpatien-

70 3161 112 3218 tia
135 3158 279 3216 labefecit.
322 3160 443 3232 lnauper
466 3161 609 3228 contusus,
632 3163 775 3235 pravitate
802 3168 850 3222 vel
878 3183 939 3224 arn-

70 3255 142 3322 bitu,
170 3257 241 3316 orda
268 3255 399 3314 militias.
451 3259 789 3328 Seuealnrraeronae,
813 3271 942 3338 quatuor

69 3354 197 3414 urbanae
223 3353 356 3414 ccbntes
383 3355 592 3424 scribebantur,
617 3359 681 3433 quis
705 3360 821 3434 singula
845 3363 939 3423 millis
