2100 3834
99 186 271 294 acro=
327 239 398 287 nra.
426 237 477 288 ur.
527 239 606 289 car.
632 179 801 290 ta-ss-ta
901 223 973 292 313

97 413 194 470 quam,
216 393 375 453 interiecto
402 394 675 471 quadringentorum
689 400 720 454 et
738 394 972 474 vigintiquinque

97 511 242 552 annornm
275 495 380 569 spatio,
413 496 449 554 L.
485 494 635 570 Scipione,
656 495 691 554 0.
713 496 856 554 Norbano
888 514 968 554 coss.
1034 519 1035 532 ¹

95 593 283 668 flagraverat.
338 594 458 660 Curam,
473 595 570 652 victor
604 595 685 653 Sulla
707 595 846 668 suscepit,
874 613 969 671 neque

95 697 195 751 tamen
211 693 382 752 dedicavit:
403 693 459 751 boc
473 696 566 752 solum
593 693 729 752 felicitati
743 694 805 752 eius
821 701 967 770 negatum.

78 792 212 850 ·Lutatii
230 792 330 850 Catuli
345 809 461 858 nomeu,
482 792 559 850 inter
579 797 660 850 tauta
688 793 847 851 Caesarum
870 809 968 868 opera,

92 907 185 966 nsque
200 893 240 948 ad
254 891 410 950 Vitellium
433 893 549 952 mansit.
590 891 636 949 Ea
656 898 726 949 lunc
747 893 836 948 aedes
858 908 968 950 crema·

93 991 189 1048 batur.
236 991 295 1048 Sed
316 993 378 1064 plus
413 991 529 1064 pavoris
550 989 685 1055 obsessis,
704 1008 790 1065 quam
812 990 966 1050 obsessori·
979 983 1020 1046 io

92 1089 145 1146 bus
157 1090 268 1148 intulit.
312 1089 428 1164 Quippe
450 1089 629 1148 Vitellianus
658 1090 751 1152 miles,
773 1107 867 1166 neque
894 1098 967 1160 astu,

92 1205 191 1263 neque
216 1188 394 1257 constantia,
408 1189 485 1246 inter
507 1188 594 1246 dubia
608 1189 766 1263 indigebat.
809 1189 855 1248 Ex
870 1190 966 1248 diver„

91 1303 124 1343 so
161 1287 271 1360 trepidi
298 1287 416 1370 milites,
452 1289 522 1345 Dux
549 1287 647 1362 segnis
679 1295 710 1344 et
742 1289 833 1346 veluti
862 1297 964 1364 captur

90 1385 193 1454 animi,
216 1405 274 1443 nou
306 1387 414 1460 lingua,
435 1405 493 1446 non
524 1386 639 1444 auribus
659 1395 849 1459 competere:
870 1405 964 1464 neque

90 1484 199 1542 alienis
215 1486 347 1542 conciliis
363 1487 432 1560 regi,
453 1504 547 1559 neque
568 1503 619 1543 sua
636 1487 792 1558 expredire:
814 1487 871 1542 buc
892 1487 963 1546 illuc

90 1585 269 1642 clamoribus
283 1583 408 1642 hostium
422 1583 599 1658 circumagi:
619 1601 692 1658 quae
708 1583 838 1648 iusserat,
854 1591 962 1653 vetare,

91 1699 166 1756 qnae
194 1689 337 1751 vetuerat,
358 1683 466 1740 iubere
509 1683 592 1750 Mna,
616 1684 691 1759 quod
720 1682 750 1742 in
779 1681 899 1754 perditis
920 1673 960 1741 r'e·

91 1781 143 1840 bus
171 1783 292 1850 accidit,
311 1801 412 1842 omues
439 1782 616 1856 praecipere,
638 1799 724 1840 nemo
747 1781 877 1855 exsequi
896 1799 961 1855 poa-

90 1885 193 1949 lremo,
228 1883 352 1940 abiectis
375 1882 471 1948 aruris,
492 1881 588 1954 lugam
609 1887 637 1938 et
662 1881 782 1939 fallendi
802 1888 879 1938 artes
906 1883 960 1942 cir-

90 1985 344 2053 cumspectabant.
406 1983 578 2050 Inrumpunt
605 1979 762 2038 Vitelliani
796 1988 826 2036 et
852 1989 960 2040 concta

89 2081 245 2156 sanguine,
265 2081 348 2146 ferro,
368 2080 545 2154 flammisque
570 2079 703 2136 miscent.
746 2078 837 2138 Pauci
852 2081 958 2138 milita-

88 2179 163 2238 rium
193 2180 329 2247 virorum,
349 2179 425 2237 iuter
446 2195 516 2254 quos
531 2178 657 2236 maxime
686 2177 826 2250 insigues,
851 2179 959 2236 Corne·

90 2281 146 2337 lius
169 2278 323 2346 Martialis,
353 2278 497 2336 Aemilius
511 2277 660 2343 Pacensis,
681 2274 835 2347 Casperius
857 2277 960 2349 Niger,

89 2378 199 2436 Didius
228 2380 353 2442 Scaeva,
385 2394 511 2451 pugnam
530 2376 604 2444 ausi,
632 2376 850 2432 obtruncantur.
892 2375 959 2432 Fla·

89 2479 173 2537 vium
196 2477 345 2544 Sabinum,
366 2477 506 2534 inermem
521 2492 615 2550 neque
639 2473 736 2547 lugam
762 2479 960 2544 coeptantem,

89 2577 321 2642 circumsistunt,
355 2580 386 2632 et
412 2574 582 2647 Quinctium
615 2559 758 2638 Atticum,
790 2572 961 2642 Consulem,

87 2681 189 2735 umbre
229 2675 348 2732 bonoria
379 2681 410 2732 et
443 2677 556 2730 suamet
591 2670 724 2728 vanitate
759 2667 958 2742 monstratum,

89 2777 166 2852 quod
191 2775 291 2831 edicta
324 2773 354 2830 in
377 2775 520 2846 populum,
541 2788 594 2844 pro
625 2769 810 2840 Vespasiano
829 2771 957 2846 magnili-

87 2891 132 2943 ca,
169 2875 305 2948 probrosa
325 2874 463 2930 adversus
490 2870 655 2934 Vitellium,
685 2869 804 2926 iecerat.
855 2869 957 2949 Ceteri

87 2993 140 3050 per
174 2973 271 3030 varios
303 2989 392 3030 casus
420 2969 530 3042 elapsi:
563 2968 680 3042 qnidam
710 2968 810 3028 servili
837 2969 958 3034 babitu,

88 3073 141 3132 elii
174 3072 230 3130 fide
264 3071 418 3128 clientium
440 3067 582 3136 contecti,
600 3073 630 3124 et
660 3067 738 3124 iuter
757 3067 889 3152 sarcinas
906 3070 955 3126 ab·

87 3173 150 3234 diti.
206 3173 310 3239 Fuere,
343 3169 401 3244 qni,
433 3174 561 3240 excepto
599 3167 827 3226 Vitellianorum
861 3166 954 3235 siano,

88 3289 144 3347 quo
164 3269 241 3328 inter
260 3287 292 3326 se
326 3271 529 3334 noscebantur,
547 3268 622 3324 ultro
655 3264 814 3338 rogitantes
839 3281 953 3336 respon·

87 3373 240 3437 dentesve,
269 3368 422 3426 audaciam
449 3383 500 3438 pro
527 3365 638 3421 latebra
665 3363 814 3420 baberent.
854 3351 1007 3421 nomi-to

87 3469 192 3535 tunna,
214 3467 304 3539 prima
317 3463 482 3540 inruptione
502 3461 578 3536 apud
605 3459 753 3532 aedituum
780 3457 956 3528 occultatus,

126 3585 195 3626 son
217 3583 254 3626 tr·
529 3560 565 3616 Ἠ
580 3551 601 3589 ⁴¹⁸
