2100 3834
80 191 202 240 acra
314 169 745 236 marturanensi
874 169 945 238 297

76 345 215 418 ‘equites¹
230 360 403 416 omnemque
424 341 578 398 Vmbriam
602 339 756 414 explorari’
782 342 899 415 placuit,
924 344 949 402 si
1040 395 1041 412 ,

79 448 150 517 ‘qna
184 442 336 515 Apennini
368 442 435 514 iuga
468 441 642 498 clementius
670 441 836 497 adirentur:
858 441 950 499 acciri

77 541 206 614 ‘aquilas
221 541 370 614 signaque,
382 548 411 596 et
426 541 563 614 quidquid
577 540 714 596 Veronae
726 541 848 596 militum
858 540 948 596 soret:
978 572 986 588 ·

81 639 269 713 ‘Padumque
284 645 314 694 et
328 657 406 696 mare
428 639 637 695 commeatibus
659 637 817 709 compleri'
859 639 950 696 Erant

80 737 157 794 inter
186 739 296 804 Duces,
321 737 372 811 qui
401 745 550 792 necterent
577 755 680 793 moras.
709 738 815 810 quippe
845 738 950 794 nimius

81 836 139 894 iam
158 837 316 900 Antonius,
336 842 366 890 et
388 836 512 892 certiora
526 854 563 892 ex
591 835 731 892 Muciano
755 838 949 908 sperabantur.

80 936 217 1012 Namque
249 934 412 998 Mucianus,
438 943 496 990 turn
523 934 613 990 celeri
639 934 761 991 victoria
783 935 950 1002 anxluaet,

80 1035 111 1106 ni
140 1051 278 1106 praesens
304 1036 372 1090 urbe
402 1034 549 1104 potiretur,
576 1039 725 1104 expertem
748 1052 779 1088 se
803 1034 871 1090 belli
891 1037 950 1108 glo·
995 1013 997 1019 ,

82 1133 199 1205 tiaeque
221 1141 307 1198 ratus,
328 1133 364 1187 ad
391 1132 517 1188 Primum
539 1137 567 1186 et
590 1131 700 1188 Varum
725 1133 820 1188 media
840 1131 951 1203 scripti·

84 1234 173 1294 tabat,
187 1227 349 1286 insinuabam
368 1228 477 1304 comtis,
491 1235 539 1286 aut
564 1247 657 1286 rursus
681 1229 828 1288 modendi
847 1230 951 1288 utilita-

83 1335 123 1386 tcs
146 1329 320 1392 edisserens,
341 1335 426 1401 atque
454 1328 495 1411 ita
522 1331 750 1401 compositusut
775 1349 812 1386 ex
841 1339 951 1388 everrtu

84 1445 177 1484 rerum
207 1429 330 1482 adversa
357 1405 507 1492 abnueret,
539 1430 585 1483 vel
616 1445 749 1500 prospera
770 1435 949 1501 agnosceret.

83 1527 212 1583 Plotium
228 1525 382 1594 Gripburn,
404 1515 494 1596 nuper
515 1527 551 1582 ab
573 1526 757 1597 Vespasiano
777 1526 807 1580 in
832 1527 952 1582 Senato-

82 1624 153 1680 rium
169 1623 303 1679 ordinem
328 1624 467 1689 additum,
488 1641 523 1680 ac
545 1623 653 1696 legioni
678 1624 881 1696 praepositum,
905 1641 952 1680 ce·

83 1714 217 1796 teroaquo
242 1721 298 1777 sibi
313 1722 392 1786 fidos,
417 1723 543 1794 apertius
568 1721 688 1778 monuit.
731 1722 813 1796 lique
840 1740 952 1787 omnes,

83 1822 119 1878 de
134 1820 324 1876 festinatione
350 1819 440 1876 Primi
463 1838 498 1876 ac
523 1820 597 1875 Vari
619 1821 745 1884 sinistre,
759 1827 789 1877 et
814 1821 954 1880 Muciano
1015 1847 1018 1854 ·

83 1919 227 1984 volentia,
255 1919 437 1990 rescripsere.
480 1919 590 1990 Quibus
618 1919 747 1986 epistolis
769 1921 954 1993 Vespasiano

83 2019 190 2084 missis,
217 2018 363 2082 effecerat,
387 2023 420 2072 ut
448 2034 507 2074 non
529 2035 650 2089 prospe
680 2020 805 2076 Antonii
829 2021 954 2078 consilia

84 2117 220 2190 tactaque
246 2115 308 2170 eius
333 2115 560 2172 aestimarentur.
603 2117 701 2190 Aegra
728 2116 757 2173 id
779 2118 839 2190 pati
862 2121 953 2175 Anto
964 2107 1007 2169 53

83 2217 159 2280 nius,
185 2219 216 2270 et
242 2215 358 2286 culpam
383 2215 413 2269 in
441 2213 610 2270 Mucianum
633 2207 782 2281 conterre,
798 2216 880 2272 cuius
899 2218 954 2274 cri-

83 2312 294 2372 minationibus
311 2311 482 2368 eviluissent
505 2313 632 2385 perioula
652 2330 713 2369 sua.
737 2330 793 2369 nec
814 2315 953 2372 sermoni·

82 2415 136 2470 bus
152 2413 342 2483 temperabat,
370 2410 532 2468 inmodicus
561 2411 669 2484 lingua,
693 2415 724 2468 et
749 2412 880 2485 obsequii
911 2413 954 2470 in·

83 2513 192 2568 solens.
215 2510 324 2565 litteras
349 2511 385 2566 ad
414 2509 626 2580 Vespasianum
653 2511 824 2581 composuit,
844 2511 954 2568 iactan-

84 2609 142 2666 tius
157 2624 244 2682 quam
260 2609 296 2663 ad
318 2607 495 2680 Principem,
509 2625 564 2664 nec
575 2607 639 2663 sine
653 2609 769 2664 occulta
789 2609 819 2664 in
843 2609 954 2667 Mucia-

82 2725 155 2764 num
170 2705 385 2762 insectatione:
405 2713 456 2762 ‘se
481 2706 667 2762 Pannonicas
683 2706 860 2793 legionesin
874 2727 954 2784 arma

113 2858 147 2906 Et
157 2859 251 2904 certiora
260 2859 287 2904 de
298 2859 414 2964 numu?
446 2859 522 2917 Magis
532 2859 606 2920 placet
615 2859 678 2906 Flor.
690 2859 788 2921 scriptio,
800 2822 952 2914 cirdsucinno.

83 2918 239 2975 Ambigebant
258 2917 337 2971 Duces,
357 2919 394 2979 qui
429 2919 508 2964 tacturi
527 2924 566 2964 ant
586 2933 629 2964 non
647 2919 735 2974 finctori,
753 2936 779 2966 ex
797 2926 952 2984 sequentibus:

83 2975 207 3024 Mucianus
222 2975 366 3032 adventabat,
381 2977 441 3022 alter
458 2991 529 3036 paene
539 2976 653 3034 'Flavium
678 2992 732 3036 ergo
747 2979 776 3024 ab
790 2981 832 3026 illo
846 2984 953 3030 certiores

83 3035 185 3081 omnium
202 3033 277 3080 futuri.
309 3035 370 3091 Lipr.
403 3038 496 3081 Sensus:
519 3051 528 3082 s
559 3051 579 3080 nu
598 3035 703 3082 maiorem
720 3039 867 3096 praemiorum
887 3044 954 3089 baba-

84 3093 175 3140 baetin
186 3093 301 3148 Muciano,
317 3093 405 3140 maioris
415 3094 512 3148 virtut-is,
523 3049 638 3150 tiiegnitatis
647 3100 671 3139 et
684 3097 771 3153 gratiae
780 3101 838 3158 apud
850 3099 955 3161 Vespasi-

84 3166 162 3204 anurn,
174 3151 235 3196 viro:
248 3158 271 3197 et
281 3151 387 3198 volebant
397 3152 509 3212 potentiae
521 3151 619 3208 antonii,
630 3153 673 3198 iam
684 3153 747 3200 nimis
758 3170 856 3214 magnae,
864 3162 953 3206 modium

82 3224 183 3272 ponere.
200 3209 283 3280 quippe
292 3206 362 3256 maior
371 3211 445 3257 sutura
455 3219 512 3264 erat,
523 3210 541 3258 si
551 3218 575 3256 et
591 3213 634 3257 boc
648 3213 787 3267 stacederet,
793 3217 953 3280 putabamque,

85 3284 137 3315 eum
158 3275 259 3328 potentia
278 3284 317 3314 sua
336 3269 358 3316 iu
377 3284 439 3316 suram
459 3276 545 3316 tantun
562 3270 700 3316 commodum
717 3272 842 3320 abnaurunr.
875 3277 954 3326 Qualis

85 3327 190 3388 potentia
209 3326 361 3386 intelligenda.
382 3329 495 3434 regnantia
514 3329 602 3374 docent.
628 3329 684 3374 add.
706 3330 746 3383 lV,
762 3334 784 3375 2.
804 3332 841 3376 ubi
861 3334 953 3391 videbis,

100 3400 153 3432 nam
164 3386 289 3490 potgrtiam
298 3387 393 3448 petierit
421 3387 499 3443 rimus,
511 3395 535 3433 et
550 3400 593 3432 non
602 3387 685 3432 frustra
694 3401 773 3446 parum
783 3402 810 3434 ex
818 3403 847 3434 eo
856 3405 955 3450 sperasse

112 3459 170 3492 noes.
227 3459 264 3492 rn.

129 3543 202 3582 von.
224 3543 259 3582 ιι.
563 3525 602 3578 26
