2100 3834
80 193 154 262 278
377 221 628 271 nrsnoarsnvur
805 215 883 276 a'V.
899 230 957 276 aaa.
1043 179 1044 182 Ἴ

81 369 233 444 profligare
261 389 297 430 ac
324 391 458 446 proruere
479 376 553 432 ratio
580 377 651 434 tarr:
675 377 793 452 indigus
820 381 957 448 rectoris,

82 470 166 544 inops
179 472 305 537 consilii,
328 473 412 528 tertia
434 473 523 530 terme
548 477 643 532 noctis
664 477 744 543 bora,
759 478 865 549 paratis
891 479 956 536 iarn

81 569 284 646 dispositisque
307 571 460 628 Flavianis
486 572 655 647 inpingitur.
698 575 838 633 Ordinem
861 575 956 650 agmi-

82 668 138 734 nis,
152 669 268 726 disiecti
289 686 341 742 per
368 668 441 726 iram
468 688 503 727 ao
530 674 673 739 tenebras,
698 675 869 730 adseverare
892 693 956 732 uon

81 767 192 824 ausim:
212 785 383 842 quamquam
402 768 454 824 alii
477 769 659 838 tradiderint,
674 778 823 844 ‘quartam
851 771 953 830 Maca·

81 865 234 922 ‘donicam
243 867 345 922 ‹leutro
356 883 469 922 suorum
484 884 590 924 cornu:
611 869 751 942 quintam,
765 878 797 926 et
810 857 951 943 quintam·

80 963 251 1032 ‘decimam
265 980 331 1022 eum
342 964 459 1022 vexillis
474 982 568 1024 nouae
582 968 787 1041 secundaeque
802 974 832 1024 et
847 968 952 1026 vicesi-
1044 967 1045 1040 l

81 1067 166 1118 ‘mae
189 1061 421 1120 Britannicarum
441 1063 595 1136 legionum.
611 1066 738 1122 mediam
752 1066 863 1135 aciem3
885 1085 950 1124 sex·
1044 1045 1045 1078 ³

80 1162 297 1220 ‘tadeeiruanos
317 1163 660 1237 duoetvicensimanosque
681 1173 713 1220 et
734 1166 880 1238 primanos
896 1167 951 1222 lae·

80 1266 88 1292 ⁴
103 1277 169 1316 vum
183 1277 272 1316 cornu
286 1259 468 1332 complesse!
488 1262 621 1334 Rapaces
635 1267 721 1335 atque
746 1263 846 1320 italici
859 1263 950 1320 omui·

82 1360 132 1415 bus
146 1375 178 1414 re
204 1357 358 1431 manipulis
377 1359 561 1416 miscuerant.
603 1360 700 1434 Eques
713 1361 881 1436 auxiliaque
895 1361 951 1418 sibi

80 1456 138 1530 ipsi
153 1459 247 1514 locum
269 1459 375 1532 legere.
397 1457 543 1514 Proelium
564 1463 624 1516 tola
638 1465 725 1516 nocte
752 1461 876 1527 varium,
902 1479 950 1518 au·

82 1571 162 1629 ceps,
173 1563 271 1624 atros;
294 1555 347 1622 his,
363 1573 458 1612 rursus
470 1556 710 1621 illiaexitiabile.
732 1558 818 1614 Nibil
831 1559 954 1627 animus,

81 1663 130 1712 aut
145 1671 254 1720 manus,
269 1671 305 1710 ne
318 1653 396 1710 oculi
409 1653 525 1728 quidem
540 1655 657 1726 provisu
668 1655 821 1714 iuvabant.
846 1658 949 1714 eadem

81 1759 201 1828 utraque
221 1752 286 1810 acie
310 1769 406 1810 arma:
427 1753 536 1810 crebris
561 1753 835 1828 interrogationibus
855 1761 952 1812 notum

82 1868 195 1925 pugnae
209 1850 341 1924 signum:
364 1851 508 1924 permixta
524 1851 645 1920 vexilla,
660 1853 825 1927 utquisque
839 1855 951 1927 globus,

68 1955 167 2021 *capla
181 1967 219 2005 ex
235 1948 373 2017 hostibus,
396 1951 452 2006 bue
475 1951 522 2006 vel
536 1951 607 2006 illuc
635 1954 777 2023 raptabat.
800 1952 951 2024 Vrgeba-

82 2055 127 2106 lur
155 2047 281 2105 maxime
302 2048 426 2120 septima
442 2049 527 2122 legio,
549 2066 640 2120 nuper
661 2047 792 2106 aGalba
806 2049 953 2122 consorip

82 2151 121 2204 ta.
177 2145 277 2204 Occisi
305 2163 357 2204 sax
390 2145 543 2218 primorum
570 2147 704 2204 ordinum
732 2147 951 2204 Centuriones:

82 2249 200 2320 abrepta
215 2245 354 2321 quaedam
369 2243 453 2317 signa
468 2263 475 2299 :
496 2245 589 2317 ipsam
602 2245 728 2318 aquilam
755 2245 868 2302 Atilius
893 2245 951 2302 Ve-

81 2363 138 2413 rus,
166 2343 303 2419 primipili
325 2343 476 2410 Centurio,
501 2347 592 2400 multa
615 2361 682 2402 cum
705 2345 832 2402 bostium
846 2351 951 2418 strage,

30 2449 112 2514 230l
145 2446 180 2500 ad
215 2448 376 2502 extremum
410 2442 545 2510 moriens,
572 2447 765 2500 servaverat·
806 2442 952 2500 Sustinuit

81 2545 228 2600 labantem
250 2541 344 2598 aciem
371 2540 526 2608 Antonius,
546 2540 649 2597 accitis
665 2539 873 2598 Praetorianis.
895 2540 952 2616 qui,
1045 2533 1046 2590 ἶ

81 2641 290 2714 ubiexcepcrc
304 2655 441 2712 pugnarn,
464 2641 576 2711 pellunt
602 2640 723 2707 bostem,
746 2639 816 2695 dein
843 2641 952 2711 pellun-
1045 2641 1046 2654 ¹

82 2745 134 2796 tur.
177 2739 310 2810 Namque
327 2736 483 2794 Vitelliani
506 2741 648 2794 tormenta
668 2736 698 2794 iu
723 2755 861 2810 aggerem
886 2737 952 2794 visa

82 2838 320 2900 contuleranl,ut
340 2835 399 2890 tela
423 2851 519 2892 vacuo
545 2840 630 2908 atque
655 2841 756 2906 aperto
781 2843 952 2892 excuteren-

83 2941 137 3000 tur,
160 2934 289 3008 dispersa
314 2932 448 3006 primoet
474 2935 605 3002 arbustis,
626 2935 690 2990 sine
713 2935 840 2992 bostium
866 2953 952 3001 noxa,

83 3033 178 3090 inlisa.
221 3030 424 3106 Magnitudine
439 3031 548 3090 eximia
562 3031 816 3117 quintaedecimae
830 3033 952 3112 legionis

112 3191 197 3238 Notum
204 3205 293 3247 pugnus
302 3189 402 3248 rignum]
414 3189 428 3234 i.
440 3205 460 3236 e.
472 3195 562 3248 tessera,
574 3198 673 3255 utsupra
683 3193 774 3240 dietum.
806 3193 870 3241 Era.

113 3267 235 3326 Primipib’
244 3265 361 3324 Centurio]
382 3267 404 3311 N
406 3281 442 3312 am
453 3267 475 3312 in
486 3269 533 3314 einr
542 3270 684 3317 centurionis
692 3272 815 3317 custodian
832 3273 887 3319 ulla.
905 3273 954 3331 Ego

83 3328 112 3372 dc
123 3326 195 3372 Milli.
206 3325 273 3371 Rom.
288 3324 317 3380 11,
328 3325 348 3370 8.
377 3323 437 3380 Lipr.
465 3325 515 3370 Hoc
547 3343 619 3389 uoque
635 3330 684 3374 loco
701 3330 771 3375 utitur
786 3287 909 3378 naitanus
925 3333 953 3376 ad

82 3383 133 3428 Col.
145 3382 207 3429 Trai.
219 3397 238 3428 c.
250 3381 303 3436 vlt,
320 3395 342 3442 p.
360 3383 416 3450 188..
425 3385 449 3450 ut
466 3343 583 3439 probabile
599 3387 685 3436 reddat.
702 3387 856 3447 Primipilares
871 3390 952 3436 Cento·

81 3441 157 3490 aiones
171 3440 238 3489 luisse
252 3439 342 3486 modern
356 3439 502 3500 Aqudrleror.
534 3443 596 3491 Ean.
628 3445 663 3490 Cl.
677 3443 804 3504 vegetium.
819 3448 882 3506 lla
