2090 3838
57 163 130 231 252
358 187 610 239 ursaoaranvu
776 196 806 242 a.
823 193 853 242 v.
871 195 921 243 aa.

55 340 304 414 praecurrentibus
328 341 435 416 passim
463 343 612 402 militibus.
663 345 772 404 Forum
797 345 919 404 maxime

54 439 202 511 petebant,
226 441 364 512 cupidius
397 441 514 500 risendi
541 445 647 508 locum,
675 443 706 501 iu
741 463 799 520 quo
827 445 920 504 Galba

53 537 199 599 iacuisset.
254 541 320 598 Nec
348 542 442 598 minus
463 559 583 600 saevum
610 547 812 615 spectaculum
840 548 920 601 eraut

53 637 117 710 ipsi,
143 637 228 712 tergis
253 640 376 698 ferarum
406 645 436 697 at
467 641 634 714 ingentibus
662 643 730 698 telis'
758 643 919 710 horrentes,

53 751 120 793 cunr
145 740 256 795 turbam
281 738 379 811 populi
405 755 456 812 per
477 739 625 798 insciliam
654 757 754 814 parum
784 741 921 809 vitarent,

52 841 111 902 aut,
135 837 183 894 ubi
205 837 316 894 lubrico
339 837 406 894 viae
431 839 479 894 vel
507 855 629 896 occursu
644 839 770 896 alicuius
786 840 922 913 procidis·

51 941 127 1001 sent,
154 937 190 993 nd
212 937 344 1011 iurgium,
368 953 435 994 mox
461 938 497 993 ad
523 954 624 994 manus
649 945 678 994 et
701 939 808 996 terrum
831 947 920 998 trans·

51 1032 136 1090 irent.
179 1035 258 1105 Quin
288 1039 319 1092 el
342 1035 468 1092 Tribuni
494 1035 695 1110 Praefectique
720 1053 788 1094 eum
813 1043 920 1096 terrore

0 1126 11 1166 '²
51 1137 81 1190 ct
101 1139 274 1190 armatorum
300 1134 427 1191 catervis
453 1133 626 1192 volitabant.
672 1137 740 1208 lpse
770 1137 920 1206 Vitellius,

50 1246 68 1286 a
91 1237 178 1302 ponte
208 1231 322 1300 Mitule,
346 1232 454 1306 insigni
475 1251 559 1307 equo,
582 1235 732 1306 patritiatus
757 1233 920 1294 accinctus·

51 1345 115 1402 que,
144 1331 284 1386 Senatum
306 1337 336 1386 et
359 1331 501 1403 Populum
525 1335 594 1388 ante
619 1349 651 1388 se
676 1350 775 1406 agens,
796 1353 854 1409 quo
869 1337 920 1393 mi-

50 1445 113 1494 uus,
148 1434 179 1485 ut
209 1437 335 1502 captam,
368 1431 467 1486 urbem
510 1429 719 1504 ingrederetur,
758 1434 920 1493 amicorum

50 1527 176 1586 consilio
201 1527 362 1594 deterritus,
390 1535 503 1601 sumpta
527 1533 677 1602 praetexta
702 1536 733 1588 et
756 1534 920 1607 composito

50 1627 178 1701 agmine,
212 1629 341 1686 incessit.
384 1631 513 1702 Quatuor
540 1631 686 1704 legionum
715 1631 832 1704 aquilae
867 1649 920 1706 per

50 1726 185 1785 frontem.
199 1728 377 1802 totidemque
391 1729 501 1787 circae
525 1730 687 1804 legionibus
708 1729 775 1786 aliis
796 1731 920 1800 vexilla,

50 1843 119 1882 mox
133 1815 286 1882 duodecim
301 1829 408 1884 alarum
423 1827 516 1901 signa,
529 1835 559 1884 et
568 1835 636 1901 post.
647 1829 777 1902 peditum
787 1829 919 1898 ordines,

50 1941 153 1994 eques:
187 1924 256 1980 dein
288 1931 408 2000 quatuor
434 1931 464 1982 et
490 1927 608 2001 triginta
634 1921 780 1994 cohortes,
810 1935 841 1986 ut
868 1939 919 1986 uu-

50 2024 128 2080 mina
155 2025 294 2098 gentium,
328 2031 378 2082 aut
405 2027 518 2098 species
546 2043 688 2083 armorum
726 2027 833 2092 forent,
861 2027 920 2084 dis-

49 2131 158 2181 cretae.
201 2127 281 2182 Ante
295 2124 420 2197 aquilam
436 2124 581 2182 Praefecti
595 2131 755 2182 castrorum
777 2125 918 2183 'I'ribuui-

49 2241 104 2298 que
128 2229 158 2280 et
185 2223 269 2297 primi
295 2223 520 2292 centurionum,¹
541 2224 668 2280 candida
696 2229 781 2281 veste
796 2215 807 2279 :¹
824 2214 918 2282 ceteri

48 2323 129 2380 iuxta
154 2339 234 2380 suam
254 2321 373 2396 quisque
398 2321 568 2389 centuriam,
593 2323 679 2380 armis
703 2322 847 2397 donisque
864 2323 919 2380 lul·

47 2429 158 2495 gentes.
208 2421 247 2480 Et
271 2420 393 2477 militum
421 2420 556 2492 phalerae
585 2427 757 2495 torquesque
781 2423 918 2494 splende-

47 2521 126 2577 bant.
155 2522 260 2577 decora
284 2519 383 2585 iacies,
404 2524 433 2575 et
458 2535 517 2575 non
540 2517 666 2576 Vitellio
691 2519 830 2594 Principe
854 2521 917 2594 dig-

48 2637 101 2676 nus
135 2619 289 2675 exereitus.
345 2617 395 2676 Sic
431 2617 608 2690 Capitolium
638 2618 794 2690 ingressus,
827 2623 916 2692 atquc

47 2719 88 2774 lbi
116 2725 236 2774 matrem
263 2719 442 2790 complexus,
472 2719 622 2790 Augustae
649 2717 767 2774 nomine
793 2717 918 2774 bonora-

0 2818 102 2878 tivit.
144 2817 263 2872 Postera
285 2815 342 2882 die,
362 2819 507 2888 tamquam
531 2815 607 2892 apud
638 2813 755 2870 alterius
784 2814 917 2872 civitatis

48 2917 189 2972 Senatum
226 2915 432 2986 Populumque,
466 2913 650 2985 magnificam
685 2911 847 2970 orationem
878 2915 919 2970 de

46 3014 203 3088 semetipso
237 3013 385 3086 prompsit,
420 3010 591 3068 industriam
634 3012 917 3086 temperantiamque

45 3131 126 3170 suam
152 3111 283 3170 laudibus
308 3111 469 3166 adtollens:
496 3109 624 3166 consciis
648 3109 821 3182 flagitiorum
836 3111 919 3184 ipsis,

45 3211 94 3284 qui
108 3211 238 3275 aderant,
252 3207 387 3281 omnique
403 3203 499 3274 ltalia,
514 3225 663 3290 perquam
678 3225 781 3292 sonsum
800 3215 832 3266 el
846 3212 919 3270 luxu

775 3317 778 3324 ι
896 3305 903 3334 r

74 3379 132 3448 Ante
141 3379 257 3446 Aquilam]
288 3377 380 3436 Accipe,
402 3381 455 3422 autc
478 3393 539 3446 airam
554 3391 665 3450 quemque
679 3383 787 3444 aquilam.
822 3385 921 3452 Alioqui

44 3451 118 3483 serlus
127 3439 226 3498 aquatus.-
240 3439 334 3500 quatuor
344 3449 394 3482 nam
405 3440 468 3483 eraut
478 3437 549 3486 simul.
581 3437 643 3497 laps.

461 3502 468 3583 l
