2158 3820
91 199 207 248 acm
320 198 394 245 urs.
421 195 496 246 xrr.
546 197 622 246 ose.
650 178 817 248 44.-48.
920 183 968 250 33

94 351 302 425 ‘rependitur'
359 352 536 410 Sententiae
569 353 673 420 Cassii,
709 359 740 412 ut
772 371 859 412 nemo
891 353 1019 413 unusdb

95 453 248 509 contraire
263 432 354 508 ausus
369 457 424 517 est,
439 451 622 508 itadissonas
638 469 726 510 voces
742 455 966 526 respondebant,

96 555 274 617 ‘numemm
304 557 354 606 aut
370 555 507 616 aetatem,
530 561 579 607 aut
593 569 704 618 sexum,
726 569 761 608 ao
776 552 962 624 plurimorum

95 648 262 706 ‘indubiam
290 645 505 705 iunocentinm'
535 650 743 706 miserantium.
795 651 965 710 Praevaluit

17 731 22 748 '
97 753 189 804 tamen
205 765 284 819 pars,
305 765 381 820 quae
395 748 567 820 supplicium
582 749 766 805 decernebat.
788 750 839 805 sed
858 749 966 808 obtem·

99 847 187 920 perari
212 865 274 903 non
290 851 414 918 poterat,
442 848 615 920 conglobata
631 847 817 904 multitudiue
844 853 874 905 et
894 863 966 905 soso

101 961 131 1000 ur
143 946 228 1024 sucas
256 945 425 1002 minitante.
467 945 546 1002 Tum
567 946 677 1002 Caesar
707 948 843 1018 populum
867 947 967 1006 edicto

99 1042 251 1118 increpuit,
273 1049 361 1118 atque
382 1062 468 1100 omne
482 1044 546 1110 iter,
573 1061 629 1118 quo
643 1045 772 1102 damnati
787 1047 822 1102 ad
843 1065 965 1119 poenam

98 1133 286 1209 ducebantur,
303 1143 473 1199 militaribus
491 1143 641 1215 praesidiis
662 1143 761 1216 sepsit.
804 1147 968 1203 censuerat

98 1242 261 1316 Cingonius
277 1243 381 1305 Varro,
396 1247 426 1298 ut
449 1241 546 1299 liberti
568 1259 689 1316 quoque,
713 1241 761 1317 qui
785 1245 838 1300 sub
863 1247 968 1302 eodem

96 1345 173 1397 tacto
195 1341 331 1406 tuissent,
354 1341 440 1396 ltalia
459 1342 687 1413 deportarentur.
729 1342 763 1398 ld
786 1359 804 1398 a
829 1343 967 1416 Principe

97 1441 275 1513 prohibitum
289 1444 344 1505 est,
365 1445 420 1496 ‘ue
434 1457 496 1496 mos
510 1440 652 1514 antiquus,
667 1458 753 1514 quern
768 1441 968 1499 misericordia

96 1544 172 1596 ‘nou
187 1539 345 1602 minuerat,
367 1555 417 1610 per
439 1537 595 1596 saevitiam
619 1539 839 1596 intenderetur?
880 1541 1021 1600 nnn-to

98 1643 182 1694 natus
210 1637 317 1692 iisdem
346 1635 521 1694 Consulibus
547 1637 720 1712 Tarquitius
750 1637 866 1695 Priscus
890 1655 969 1709 reps-

100 1737 265 1796 tundarum
282 1735 420 1809 Bithynis
445 1737 699 1811 interrogantibus,
721 1754 827 1811 magno
850 1737 969 1794 Petrum

97 1836 213 1912 gaudio,
239 1835 478 1909 quiacuusatum
505 1838 542 1891 ab
573 1853 609 1892 eo
643 1835 792 1916 Statilium
829 1835 968 1906 Taurum,

17 1975 18 1996 r
100 1935 311 1993 Proconsulem
333 1933 432 2006 ipsius,
447 1934 647 1991 meminerant.
689 1935 802 1993 census
825 1953 875 2008 per
895 1935 965 1992 Gal·

99 2033 154 2090 lias
169 2051 186 2089 a
202 2033 241 2106 Q.
265 2033 389 2090 Volusio
411 2037 442 2090 et
467 2033 571 2090 Sextio
589 2033 729 2091 Africano
757 2033 966 2108 Trebellioque

101 2131 238 2188 Maximo
252 2131 311 2188 acti
325 2137 401 2198 sunt,
422 2132 543 2188 aemulis
556 2132 633 2189 inter
654 2151 696 2198 se,
712 2151 762 2205 per
777 2133 970 2201 nobilitatem,

101 2231 229 2290 Volusio
253 2237 339 2304 atque
369 2231 529 2288 Africano:
552 2231 735 2289 Trebellium
757 2234 825 2289 dum
850 2235 970 2305 uterque

104 2331 287 2404 dedignatur,
313 2347 399 2402 supra
424 2331 524 2390 tulere.
579 2331 624 2387 Eo
639 2347 717 2387 auno
744 2337 867 2388 mortem
898 2331 971 2388 obiit
982 2339 1023 2402 47

104 2429 262 2486 Memmios
277 2428 415 2503 Regulus,
438 2427 620 2496 auctoritate,
641 2429 817 2494 constantia,
841 2429 926 2496 fama,
940 2429 972 2507 in

101 2534 249 2605 quantum,
277 2529 498 2600 praeumbrante
513 2527 701 2600 Imperatoris
722 2527 847 2600 fastigio,
878 2529 972 2597 datur,

105 2629 200 2685 clarus
217 2647 223 2683 :
245 2627 330 2700 adeo,
344 2633 376 2682 ut
389 2627 477 2693 Nero,
492 2643 579 2700 aeger
594 2625 772 2693 valetudiue,
787 2607 817 2682 et
831 2627 973 2685 adulanti-

17 2745 19 2790 ι
105 2729 157 2784 bus
172 2705 293 2790 circum,
303 2721 447 2802 quifinem
466 2721 587 2800 Imperio
601 2721 696 2780 adesse
715 2725 852 2783 dicebant
866 2723 893 2781 si
906 2725 977 2802 qnid

94 2824 162 2903 sato
170 2829 324 2902 pateretur,
339 2825 530 2896 responderit,
546 2821 648 2879 bodera
661 2821 816 2879 subsidium
838 2821 974 2899 Rempnb·

103 2922 198 2981 licam.
240 2921 421 3002 lingentibus
435 2922 554 2988 debinc,
566 2919 597 2978 in
614 2939 666 2997 quo
673 2919 875 2998 potissimum?
895 2923 974 2981 addi·

106 3025 200 3090 derat,
213 3023 245 3078 trs
263 3019 395 3079 Memmio
416 3019 536 3096 Regado.
577 3021 666 3077 Vixit
690 3026 788 3078 tamen
813 3028 877 3095 post
900 3024 974 3081 haec

106 3123 248 3195 Regulus,
260 3121 358 3196 quiete
371 3121 515 3187 defensus,
529 3124 559 3176 st
574 3119 641 3194 quia
663 3137 742 3176 nova
764 3120 879 3193 generis
892 3120 976 3178 clari·

17 3213 18 3222 ¹
106 3222 219 3288 tudine,
243 3238 336 3294 neque
361 3219 517 3278 invidiosis
538 3219 640 3291 opibus
665 3223 736 3274 crat.
778 3218 975 3291 Gymnasium

106 3337 143 3381 eo
156 3337 236 3378 anno
258 3318 425 3376 dedicatum
454 3335 472 3374 a
489 3314 616 3382 Nerone,
636 3315 853 3388 praebitumque
880 3317 977 3384 oleum

107 3417 210 3496 Equiti
238 3434 274 3476 ac
311 3415 446 3486 Senatui,
474 3415 591 3474 Graeca
622 3411 775 3470 facilitate.
823 3409 857 3466 P.
872 3407 1030 3472 Mario,48

1027 3653 1041 3688 A
