2100 3816
59 235 180 284 acac.
279 232 350 280 crs.
376 232 399 280 r.
450 231 528 281 cnr.
556 209 722 280 ons-63.
850 207 920 279 169

60 387 147 446 citum
162 389 427 462 Imperatoremqoe
441 387 605 446 diversitas.
647 387 758 444 instare
773 385 864 453 mites,
879 405 920 445 sr-

63 502 106 544 ma
127 503 255 560 poscere,
272 487 360 544 ‘dum
380 486 496 544 Gattiae
512 485 664 558 trepident,
677 487 745 542 dum
761 485 920 558 Hispaniae

61 589 252 643 ‘cunctentur
275 603 334 643 non
347 588 462 642 obstare
476 586 601 642 hiemem
617 601 710 658 neque
734 583 858 658 ignavae
874 601 921 657 pa-

61 683 119 742 ‘cis
133 701 234 742 moras.
248 685 448 742 invadendam
462 683 587 749 Italiam,
602 683 799 756 occupandam
812 689 920 739 urbem.

64 783 150 840 ‘nihii
164 783 194 840 in
214 782 368 840 discordiis
382 782 520 839 civilibus
540 781 727 839 festinatione
750 782 849 846 tutius,
873 781 922 838 ubi

62 880 152 938 ‘iacto
166 884 268 956 magis,
293 897 378 956 quarn
403 884 536 938 consulto
549 899 620 954 opas
635 878 730 937 esset’
771 881 922 954 'l'orpebat

65 977 205 1046 Vitellius,
218 987 248 1038 et
268 980 410 1040 iomanem
425 980 606 1052 Principatus
620 980 707 1036 inerti
729 981 797 1037 tuxu
812 998 845 1037 ac
861 997 923 1053 pro·
1009 1015 1012 1056 ·,

67 1079 138 1155 digis
150 1082 243 1154 epotis
258 1084 466 1154 praesumebat,
492 1081 588 1138 medio
611 1080 671 1137 diei
696 1083 868 1138 temulentus
892 1086 923 1139 et
1012 1078 1014 1156 i,

67 1181 287 1254 saginagravis:
308 1186 486 1237 cumtsmea
508 1179 594 1237 ardor
611 1186 643 1235 et
668 1179 713 1236 vis
738 1180 861 1237 miiitum
882 1181 922 1238 ui·
1013 1157 1015 1200 ³

69 1281 108 1336 tta
122 1280 211 1336 Dacis
235 1279 334 1336 munia
348 1279 487 1351 inplebat,
508 1283 540 1334 ut
567 1277 591 1334 si
615 1279 729 1334 adesset
756 1277 923 1352 Imperator,

71 1381 96 1432 et
117 1379 251 1442 strenuis,
272 1379 320 1434 vet
354 1377 470 1451 ignavis
495 1393 576 1448 spem
606 1385 767 1451 metumque
794 1379 920 1436 adderet,

69 1473 197 1534 lustrocti
220 1475 384 1550 intentique
410 1473 524 1550 signum
548 1473 725 1552 prp'ectionis
751 1483 921 1544 exposcunt.

69 1571 173 1632 Nomen
187 1571 351 1630 (imici
363 1573 488 1631 Vitettio
501 1574 598 1631 statim
613 1573 758 1631 additum:
775 1572 923 1631 Caesarem

66 1685 93 1728 se
108 1673 249 1748 cdpeitari
270 1673 359 1730 etiarn
381 1672 476 1729 victor
496 1669 650 1744 prohibuit.
690 1673 813 1730 Laetum
838 1690 923 1746 augu-

67 1769 127 1829 rium
153 1773 250 1830 Fabio
276 1771 397 1828 Veienti
418 1771 628 1846 exercituique,
647 1788 732 1845 quem
762 1771 793 1828 iu
815 1773 923 1830 betium

68 1873 168 1942 egsum,
201 1871 266 1943 ipso
296 1869 482 1944 protectionis
509 1870 569 1936 die,
599 1869 695 1944 aquito
725 1870 784 1928 teni
815 1877 921 1941 meatu,

68 1977 139 2039 prout
159 1987 266 2044 agmen
296 1970 453 2040 incederet,
476 1971 557 2026 vetut
586 1970 646 2026 dux
677 1969 752 2036 viae,
773 1973 922 2043 praevota-

68 2065 117 2122 sit:
138 2072 311 2144 tonsumque
332 2085 382 2140 per
401 2067 564 2141 spatiantis
584 2067 772 2142 gaudentium
796 2069 921 2127 miiitum

68 2165 175 2235 cismor,
202 2185 240 2224 es
258 2167 339 2242 quies
359 2162 510 2224 interritae
536 2165 613 2223 atitis
633 2165 695 2233 suit,
725 2173 757 2223 ut
777 2167 852 2224 haud
873 2169 922 2224 du·

68 2261 135 2322 biam
156 2281 279 2340 magnas
305 2271 335 2322 et
362 2281 514 2338 prosperae
543 2263 585 2322 rei
612 2281 698 2321 omen
731 2264 921 2338 acciperetur.

67 2358 100 2418 Et
118 2347 270 2422 Treveros
284 2361 410 2438 quidem,
430 2367 462 2420 ut
481 2362 586 2429 socios,
607 2361 701 2419 securi
721 2361 828 2419 adiere.
870 2361 975 2422 Didss

69 2461 161 2519 vmurt
190 2459 492 2538 (Mediomatricorom
521 2461 551 2518 id
580 2461 717 2534 oppidum
748 2457 806 2537 est)
825 2478 922 2535 quam·

69 2573 143 2630 quam
162 2559 242 2618 omui
262 2560 400 2617 comitate
420 2565 561 2634 exceptos
588 2558 699 2616 subitus
718 2575 813 2633 pavor,
829 2565 923 2618 exter·

37 2723 39 2742 s
70 2656 124 2725 mit,
141 2658 231 2732 raptis
252 2662 371 2732 repente
400 2657 488 2716 armis
507 2643 545 2716 ad
572 2657 693 2715 caedem
723 2657 862 2716 innoxiae
882 2659 923 2719 ci·

70 2753 175 2815 nitatis:
204 2773 264 2814 nou
294 2757 332 2813 ob
359 2756 496 2830 praedans
525 2760 575 2814 aut
602 2755 746 2830 spoliandi
773 2757 922 2831 cupidine,

90 2927 179 2978 suidas
195 2945 264 2988 pauor
278 2931 394 3036 munient]
425 2885 463 2978 Sic
478 2930 530 2977 edd.
548 2943 624 2977 omnes
637 2933 729 2992 praeter
744 2930 762 2978 1.
778 2930 847 2979 Grec.
859 2934 922 2994 quie

70 2984 120 3033 i'lor.
136 2989 208 3036 edidit
225 2989 314 3046 imisit,
332 3004 360 3052 qu

69 3044 184 3094 tornatus
199 3049 241 3094 hcc
254 3063 319 3096 sensu
333 3053 443 3096 wicum
457 3053 492 3096 est
505 3047 598 3096 verbam
612 3047 741 3106 legitimum.
773 3049 852 3097 censu
861 3052 921 3099 enim

69 3108 109 3150 cst:
124 3106 198 3154 subita
207 3108 357 3168 consternatio
365 3107 447 3154 invasit
460 3105 549 3164 milites,
565 3111 591 3153 ut
605 3122 667 3153 arma
682 3112 785 3170 reperent
795 3111 920 3157 etccsdcm

68 3161 129 3210 (ποτε
138 3165 268 3227 inciperent.
299 3165 460 3213 Coruternatio
474 3171 548 3214 autem
563 3171 587 3212 st
631 3181 672 3212 vor
685 3180 729 3213 uon
739 3166 768 3212 de
777 3166 865 3225 timore,
880 3171 920 3216 scd

71 3224 225 3279 perturbatione
232 3225 329 3286 quedam
339 3226 454 3285 repentirn
468 3225 547 3272 mentia
561 3231 585 3272 et
608 3239 673 3272 omre
683 3224 753 3294 accipi
762 3225 857 3272 debents
881 3228 919 3288 qui

71 3293 109 3326 cnm
125 3282 213 3330 incessit
230 3283 322 3340 animos,
342 3283 444 3330 muniti
461 3284 571 3338 dicontur,
587 3283 602 3330 i.
616 3298 638 3332 e.
654 3284 749 3332 efferae.
779 3283 858 3344 virgil.
875 3300 919 3333 non

71 3340 160 3386 anoloco
169 3341 200 3388 sic
214 3341 269 3389 dixit
283 3347 307 3388 et
322 3357 371 3389 cunr
386 3342 467 3402 efferus
481 3342 623 3404 permutavit.
655 3342 708 3389 Vid.
720 3341 788 3386 etiam
804 3341 878 3389 Burm.
889 3348 919 3389 ad

73 3395 140 3458 Georg.
152 3401 193 3448 ΙΙΙ.
204 3405 255 3449 ⁵³⁴.
285 3401 365 3464 ltaque
374 3415 418 3448 non
428 3401 519 3449 sustinui
528 3399 666 3447 Gronovium
675 3397 766 3446 imitari.
797 3397 857 3446 Era.

99 3496 162 3539 voc.
182 3499 219 3538 rr.
534 3477 571 3535 ts

410 2995 445 3036 est
463 2994 487 3036 et
506 2989 528 3036 in
548 2989 615 3049 (aus.
632 2990 666 3046 et)
684 2989 758 3036 (iacit.
791 2993 822 3038 At
838 2991 861 3038 in
879 2994 922 3040 hac
