2100 3816
7 239 8 266 ἢ
114 173 184 244 108
422 190 607 239 sannarum
782 227 787 234 .
834 193 865 240 a.
882 191 914 240 v.
933 194 990 242 aaa.

109 347 241 410 fortunae
254 345 312 404 sibi
334 343 485 404 conciliat.
527 341 682 401 ventitare
709 343 745 400 ad
768 359 835 401 cum
862 345 991 402 nuntios

108 451 141 502 et
154 445 383 503 consultationes
398 461 455 502 non
469 444 572 500 trustra
586 449 676 510 ratus,
689 442 773 500 simul
789 459 921 500 annuum
939 463 991 517 pe·

110 543 227 602 cuniam
248 561 266 600 s
290 543 324 600 P.
353 542 461 600 Anteio
485 541 640 599 ministrari
666 541 828 616 cognoscit.
872 543 988 617 Neque

111 643 243 702 nescium
258 642 397 707 babebat,
423 640 565 700 Anteium
583 641 705 698 caritate
736 639 920 713 Agrippinae
941 641 990 698 in·

110 742 206 800 visum
224 741 344 804 Neroni,
354 757 479 813 opesque
490 740 552 797 eius
568 741 737 812 praecipuas
751 740 787 795 ad
799 740 986 798 eliciendam

109 841 284 914 cupidinem,
296 857 417 914 eamque
429 857 560 897 caussam
570 841 667 896 mullis
678 839 771 896 exitio
784 857 859 896 esee.
878 839 987 912 lgitur,

109 940 280 1013 interceptis
305 939 405 998 Autcii
419 940 532 1002 titteris,
546 940 653 996 iuratus
671 939 762 996 etiarn
778 939 905 1002 libellos,
921 937 986 1012 qui-

110 1040 162 1096 bus
176 1040 237 1095 dies
252 1039 388 1112 genitalis
402 1037 464 1095 eius
485 1044 516 1095 et
536 1044 675 1094 eventura
698 1036 820 1094 secretis
845 1037 986 1094 Pamme-

111 1137 158 1194 uis
178 1139 407 1202 occultabantur,
431 1137 515 1194 simul
541 1137 670 1209 repertis,
681 1153 754 1210 quae
775 1137 811 1191 sle
825 1141 891 1192 ortu
908 1137 986 1193 vita·

111 1253 166 1308 quc
188 1234 297 1291 Ostorii
329 1236 474 1307 Scapulae
503 1235 664 1306 composita
694 1239 786 1300 erant,
806 1234 913 1291 scribit
944 1236 984 1291 ed

112 1333 289 1406 Principem,
317 1341 440 1408 ‘magun
470 1351 502 1390 se
522 1340 552 1390 et
579 1351 653 1408 quae
681 1332 880 1390 incolumitati
916 1333 983 1390 eiras

108 1433 340 1498 ‘conducerent
359 1434 530 1498 adlaturum,
551 1433 578 1489 si
599 1435 718 1489 brevem
739 1430 837 1488 exsilii
858 1433 984 1490 veniam

41 1593 48 1606 ,
109 1530 349 1602 ‘inpetravisset
383 1531 490 1606 quippe
525 1532 665 1588 Anteium
697 1536 727 1587 ct
756 1531 904 1588 Ostorium
938 1532 985 1588 io·

112 1630 244 1688 ‘minere
276 1633 369 1693 rebus,
398 1637 429 1686 et
449 1647 501 1686 sua
536 1629 730 1704 Caesarisque
749 1629 809 1685 lata
838 1628 989 1687 munet!

112 1728 191 1785 Exin
207 1729 311 1785 missae
326 1729 495 1794 liburnicae,
516 1727 725 1802 advehiturque
744 1743 865 1800 propere
882 1727 983 1786 Sosia·
1043 1759 1044 1808 γ

112 1843 174 1882 nus.
221 1829 274 1891 Ac,
296 1826 490 1901 vulgaloeius
515 1827 636 1893 iudicio,
658 1827 734 1882 inter
752 1827 906 1883 damnatos
921 1845 985 1884 aaa·
1043 1829 1044 1867 i

112 1923 163 1996 gis
176 1941 259 1996 quum
274 1925 350 1981 inter
377 1943 449 1993 reos,
479 1925 602 1982 Anteius
618 1925 804 1999 Ostoriusque
829 1926 983 1984 babebeu·

113 2027 176 2078 tur:
199 2023 272 2078 adeo
286 2028 317 2079 ut
337 2028 541 2081 testamentum
553 2045 555 2050 ·
569 2023 671 2082 Auteii
694 2041 779 2080 nemo
798 2023 983 2097 obsignaret,

112 2121 169 2180 nisi
199 2121 366 2194 Tigellinus
389 2127 490 2178 auctor
514 2121 684 2178 exstitisset.
740 2120 870 2178 Mobitus
899 2122 983 2193 prius

114 2221 252 2285 Anteius,
283 2225 314 2276 ut
343 2235 489 2295 euprepus
514 2217 627 2276 tcbnics
650 2224 814 2275 moreretur.
878 2220 984 2294 Atque

109 2319 173 2387 ille,
194 2321 295 2376 bausto
310 2335 434 2382 veneno,
465 2317 631 2374 tarditatem
652 2317 714 2374 eius
743 2333 868 2389 perosus,
889 2317 983 2376 iuter-

62 2401 181 2476 l5cisin
204 2418 296 2484 venis,
310 2425 432 2474 mortem
455 2416 670 2488 adproperavit.
713 2415 844 2472 Ostorius
864 2417 984 2490 longin-
1042 2469 1043 2474 ,

112 2517 175 2591 quis
204 2516 235 2572 in
267 2515 351 2587 agris,
380 2515 455 2588 epud
485 2515 572 2571 linem
600 2513 747 2586 Ligurum,
778 2515 809 2570 id
839 2516 982 2587 temporis
1042 2531 1043 2576 l

111 2618 185 2670 erat.
220 2631 256 2669 no
276 2612 380 2669 missus
414 2611 567 2678 Oeuturio,
599 2611 648 2686 qui
679 2611 886 2670 caedemeius
919 2629 986 2672 ma·
1042 2631 1043 2683 l

111 2716 227 2769 tururet.
268 2711 379 2768 Caussa
408 2709 567 2767 festinandi
588 2727 626 2766 ex
654 2727 691 2766 eo
710 2710 864 2778 oriebstur,
895 2713 981 2784 {quod

111 2808 244 2868 Ostorius
265 2807 348 2864 multi
381 2807 499 2864 militari
517 2794 602 2874 lama,
631 2813 661 2865 et
681 2808 810 2866 civicam
838 2825 982 2867 coronam

112 2908 188 2979 apud
221 2906 401 2963 Britanniam
423 2907 549 2970 meritus,
579 2906 692 2980 ingenti
719 2905 847 2979 corporis
874 2909 981 2976 robore

112 3021 310 3077 armorumque
340 3005 475 3069 scicntia,
504 3010 612 3061 metum
645 3005 757 3062 Neroni
787 3005 907 3072 lecerat,
941 3023 981 3063 ne

112 3103 265 3160 invaderet
286 3102 422 3173 pavidum
441 3119 563 3172 semper,
583 3108 612 3158 el
634 3108 746 3174 reperta
768 3120 859 3175 nuper
882 3103 985 3162 coniu·
1041 3161 1042 3170 ,

110 3201 224 3259 ratione
251 3201 342 3274 magis
366 3198 544 3256 exterritum.
585 3200 677 3273 Igitur
698 3201 847 3270 Centurio,
867 3201 919 3260 ubi
940 3203 982 3260 el·
1041 3191 1042 3252 l

140 3391 350 3454 ocerannum]
380 3390 662 3452 csxrr,ar.xrv,sa,
912 3379 917 3385 '
