2100 3834
117 195 245 246 nom
351 193 499 244 nrasrrr.
551 195 630 244 css.
656 175 825 244 aa-un
909 171 983 240 289

11 359 12 362 ’
110 351 333 424 spadonumque
346 349 472 424 agmine,
486 349 603 424 segnius
622 367 707 424 quarn
721 351 759 407 ad
778 349 885 408 betium
905 347 983 406 iace·

110 451 196 518 deas,
210 457 226 496 ·‘
236 449 379 528 proditam
399 467 417 506 a
441 449 559 508 Lucitio
583 449 675 506 Basso
689 449 894 506 Ravennatem
908 449 981 504 ctas·
1041 443 1042 492 ἕ

113 546 217 615 ‘sem’
238 547 403 621 pernicibus
429 547 537 604 nuntiis
562 547 686 619 accepit.
727 545 775 613 Et,
797 547 823 604 si
844 555 979 618 coeptum

111 647 169 705 iter
179 653 371 720 properasset,
385 651 535 704 nutantem
550 646 713 704 Caecinam
727 633 908 718 pr'aevenirc
923 651 980 711 aut,
1041 699 1042 704 ,

78 789 81 795 -
112 753 183 806 aare
207 745 366 804 discrimen
388 761 513 818 pugnae,
532 743 654 818 adsequi
678 745 807 818 legiones
832 743 978 816 potuisset.

113 847 179 904 Nec
199 847 337 910 deerant,
356 844 406 918 qui
420 849 581 910 mouerent,
605 850 656 900 ‘ut
671 857 737 900 cum
760 843 907 900 fidissimis
931 859 982 916 per

112 946 264 1002 ‘occuitus
278 943 417 1012 tramites,
440 943 532 1000 vitata
554 941 707 1010 Ravenna,
733 943 889 1000 Hostiliam
911 943 980 1000 Gre-

111 1045 290 1100 ‘monamve
317 1039 468 1115 pergeret!
511 1041 587 1098 Aiiia
615 1043 757 1114 ptacebat,
789 1041 912 1100 ‘accitis
941 1059 980 1098 ex

109 1140 369 1200 ‘urbe'Praetoriis
382 1139 549 1196 cohortibus
565 1140 662 1196 valida
678 1157 763 1198 manu
778 1138 979 1214 perrumpere.²

112 1241 190 1314 lpse,
214 1239 312 1296 inutiti
326 1237 524 1304 cunctatione,
545 1239 651 1312 agendi
673 1245 801 1311 tempora
814 1243 980 1298 consution-

110 1341 147 1397 do
160 1337 434 1410 consumpsissem
450 1343 599 1410 utrumque
612 1337 767 1394 consitium
781 1340 978 1412 adspernatus,

111 1439 188 1514 quod
213 1437 292 1493 iuter
317 1435 458 1507 ancipitia
491 1436 676 1492 deterrimum
704 1443 757 1501 est,
784 1437 853 1492 dum
881 1437 978 1493 media

106 1533 247 1609 sequitur,
269 1549 325 1589 nec
348 1549 434 1588 ausus
454 1537 499 1588 est
520 1529 600 1597 satis,
623 1547 678 1588 neo
699 1531 835 1604 providit.
880 1532 1024 1590 Missisdi

111 1635 148 1692 ad
176 1631 333 1688 Vitellium
361 1631 475 1696 titteris,
503 1629 644 1688 auritium
673 1631 806 1704 postulat.
858 1631 977 1687 Venere

107 1732 312 1790 trescobortes
321 1745 387 1786 cum
399 1731 445 1786 ais
457 1728 646 1786 Britannica:
662 1747 754 1802 neque
768 1730 803 1786 ad
820 1729 977 1787 saliendum

107 1835 196 1904 aptus
211 1845 355 1894 uumerus,
367 1845 459 1900 neque
474 1828 510 1882 ad
526 1829 746 1898 penetrandum.
790 1830 848 1887 Sed
864 1830 976 1886 Veiens

106 1945 146 1988 ue
169 1930 202 1985 iu
225 1933 307 1984 tanto
330 1927 445 2001 quidem
469 1922 781 1984 utscnmine'tniamts
805 1929 906 1996 caruit,
920 1947 976 2005 quo

38 2021 39 2028 '
106 2029 205 2086 minus
234 2043 334 2098 rapere
357 2010 485 2082 inlicitas
513 2027 685 2098 voluptates,
708 2028 911 2101 adulteriisque
940 2045 975 2086 ac

107 2126 216 2199 stupris
242 2127 369 2197 potiuere
385 2123 529 2196 hospitum
543 2125 654 2190 domm,
667 2127 840 2184 crederetur.
855 2129 975 2184 aderant

106 2226 155 2284 ris
168 2231 202 2289 et
223 2222 348 2297 pecunia
366 2229 396 2278 et
418 2222 527 2278 ruentis
549 2222 678 2280 fortunae
697 2224 857 2280 novissima
876 2220 973 2282 iibido.

108 2325 256 2384 Adventu
270 2324 387 2378 demum
401 2321 530 2392 peditum
551 2322 737 2394 equitumque
765 2321 892 2393 pravitas
907 2339 973 2380 con·

107 2423 168 2482 sitii
195 2421 296 2493 patuit,
321 2421 386 2494 quis
409 2435 463 2477 nec
489 2419 595 2476 vadere
620 2437 670 2492 per
688 2421 784 2477 hostes
806 2427 864 2477 tarn
885 2437 974 2492 parva

109 2539 199 2580 mssu
216 2525 338 2594 poterat,
359 2520 447 2576 etiam
471 2520 496 2576 si
510 2519 648 2576 fidissima
667 2519 748 2585 iuret,
764 2535 818 2576 nec
832 2519 975 2592 integram

106 2621 197 2678 fidem
211 2619 383 2677 adruierant.
425 2618 521 2675 Pudor
536 2624 632 2674 tamen
646 2623 676 2674 et
697 2617 855 2690 prraesentis
881 2619 974 2676 Ducis

106 2716 274 2777 reverentia
298 2718 468 2781 morabatur,
494 2717 569 2774 haud
593 2716 727 2773 diuturna
751 2715 871 2774 vineata
897 2719 973 2791 apud

106 2818 210 2876 avidos
226 2815 415 2888 periculorum
440 2821 469 2872 et
490 2815 639 2872 dedecoris
654 2831 778 2872 securos.
820 2817 865 2873 Eo
885 2824 973 2884 metu,

105 2919 243 2978 cohortes
261 2915 422 2974 Ariminum
438 2913 604 2986 praemittit,
617 2916 693 2971 atam
705 2913 778 2970 turri
786 2921 867 2990 terga
877 2917 972 2974 iubet:

105 3017 182 3090 ipse,
197 3013 304 3087 paucis,
318 3029 388 3088 quos
402 3014 524 3068 adversa
549 3029 607 3069 non
628 3019 820 3081 mutaverant,
833 3015 973 3074 comitan-

105 3116 193 3178 tibus,
215 3112 295 3170 tieait
309 3111 339 3168 in
356 3112 517 3178 Vmbriam,
531 3118 616 3185 atque
640 3111 709 3169 inste
732 3111 892 3170 Etruriam:
913 3115 972 3179 ubi,

106 3213 228 3288 cognito
242 3229 354 3284 pugnae
380 3213 584 3268 Cremonensis
599 3219 717 3279 eventu,
740 3229 798 3270 non
824 3213 971 3287 ignavum,
1022 3213 1025 3216 ’

106 3317 149 3378 et,
162 3313 186 3368 si
200 3310 388 3382 provenisset,
403 3316 485 3365 atrox
510 3309 663 3367 consitium
687 3310 762 3375 iniit,
781 3316 821 3375 ut,
843 3313 970 3382 adreptis

106 3409 242 3475 navibus,
256 3409 288 3465 in
302 3425 499 3482 quamcunque
520 3413 630 3481 partem
645 3405 842 3465 Narbonensis
856 3408 974 3478 provin·

150 3527 219 3568 rou.
241 3527 274 3565 rr.
574 3501 638 3560 25*
