2090 3838
2 159 3 180 ¹
78 155 154 224 alo
375 173 629 222 nrsuonmnvrr
804 179 832 225 a.
846 179 875 227 v.
892 180 952 228 sne.

77 345 177 386 ronam
204 327 437 402 crematumque
462 328 535 386 situs
562 333 607 384 est
633 327 729 396 siens,
753 329 859 388 duabus
879 331 948 390 iam
1042 381 1043 388 .

77 427 219 488 Romanis
241 427 373 484 elsatan·
393 431 478 484 nolus
497 426 705 502 infaustaeque.
751 428 857 488 lisdem
882 430 951 488 die·
1042 468 1043 502 3

77 527 131 584 bns
143 543 163 584 a
184 525 292 584 Martio
311 525 415 582 Mauro
428 525 505 582 baud
519 527 618 598 procul
639 526 788 584 Cremona
812 545 950 602 prospere

81 631 248 700 pugnatum.
282 641 406 697 namque
426 630 574 696 promptus
587 624 679 680 animi
708 625 830 684 Martius
857 632 952 684 trans·

78 731 183 782 ventos
196 724 319 782 navibus
332 723 508 796 gladiatores
531 722 563 780 in
587 723 742 780 adversam
763 724 836 783 Padi
856 725 951 798 ripam

77 832 199 897 repente
211 822 321 880 ell'ndit.
363 823 496 878 Turbata
519 821 562 878 ibi
579 821 810 880 Vitellianorum
829 823 951 891 auxilia,

76 927 117 988 et,
143 923 249 980 esteris
264 921 452 987 ,Cremonam
478 920 665 994 fugientibus,
688 921 780 987 eaesi,
804 922 852 995 qui
867 923 948 980 resti·

77 1026 183 1078 terant.
215 1021 266 1076 sed
291 1036 436 1092 repressus
463 1019 646 1078 vrnoenrlum
665 1019 802 1092 impetus,
827 1038 874 1087 ne,
897 1039 948 1078 no-

78 1121 123 1178 ris
137 1119 272 1176 subsidiis
294 1118 410 1184 firmati,
433 1119 532 1174 hostes
555 1118 699 1176 fortunam
727 1119 830 1191 praelii
852 1126 942 1188 mule·

77 1224 152 1276 reat.
205 1215 436 1310 Sospecmqid
463 1216 640 1274 Othonianis
666 1216 734 1282 luit,
758 1217 858 1274 omnia
886 1219 946 1274 Du·

77 1333 144 1376 enar
158 1317 235 1374 laeta
257 1331 346 1388 prove
367 1315 597 1372 aestimantibus.
639 1315 793 1384 Certatim,
818 1325 849 1374 ut
871 1318 945 1392 quis·
1042 1389 1043 1392 Ἴ

78 1433 134 1492 qne
160 1416 260 1472 animo
284 1415 416 1487 ignavus,
445 1430 553 1486 procax
582 1431 642 1481 ore,
671 1414 804 1472 Annium
826 1416 945 1476 Gallum
1042 1401 1043 1442 t

77 1522 109 1575 et
133 1515 303 1574 Suetonium
320 1512 493 1578 Paullinum,
519 1517 550 1577 et
570 1511 700 1568 -lllarium
724 1513 846 1572 Celsum
862 1511 945 1591 (nam
1042 1515 1043 1594 ζ

77 1635 128 1676 eos
148 1616 228 1674 orno
249 1629 361 1689 quoqne
385 1608 575 1687 praefecerat)
596 1609 685 1668 variis
711 1610 883 1670 criminibus
905 1613 947 1672 iu·

76 1717 240 1774 censebant.
284 1709 435 1770 Aoerrima
461 1709 636 1766 seditionum
659 1725 696 1766 ae
716 1710 883 1773 discordiae
904 1711 947 1771 in-

76 1813 244 1877 oitsmenta‚
275 1809 475 1866 interleolores
506 1807 628 1864 Galbae.
657 1810 769 1866 scelere
803 1815 834 1866 et
864 1815 947 1868 metu

76 1911 228 1977 vecordes,
260 1908 383 1964 miseere
414 1911 531 1972 cuneta,
564 1906 651 1964 modo
683 1909 780 1979 palam
821 1909 946 1966 turbidis

76 2011 208 2077 veribus,
235 2008 321 2066 modo
347 2006 471 2064 oueultis
498 2005 535 2062 ud
563 2005 710 2062 Othonem
738 2005 861 2064 litteris:
893 2007 945 2082 qui
1042 2031 1043 2054 ι

76 2110 240 2170 humillimo
272 2106 376 2180 eoique
410 2105 554 2174 eredulns,
587 2104 680 2162 bonos
712 2110 855 2171 metuens,
889 2111 946 2164 tre·
1042 2097 1043 2110 ¹

75 2210 212 2284 pidabst;
233 2205 316 2263 rebus
340 2203 480 2276 prosperis
501 2196 646 2268 insertus,¹
662 2207 693 2260 et
716 2203 794 2262 inter
816 2204 945 2260 adversa

76 2309 186 2368 melior.
240 2303 331 2378 Igitur
364 2301 527 2368 Titianum,
554 2300 679 2367 tratrem,
705 2301 834 2372 accitum
862 2303 944 2360 bello

74 2405 249 2482 praeposuit.
310 2403 426 2460 lnterea
454 2399 581 2456 Paullini
605 2404 636 2456 et
664 2399 745 2456 Celsi
778 2400 867 2458 duotn
894 2418 943 2458 res

23 2507 208 2582 ‘inegregias
231 2508 338 2578 gentse.
381 2501 538 2573 Angebant
562 2497 945 2574 Caeninum‚nequidquam¹

75 2605 173 2664 omnis
205 2608 319 2674 coepta,
351 2603 571 2674 eifsenesoens
600 2597 747 2658 exereitus
780 2598 825 2654 sui
851 2598 940 2674 lama.

74 2705 171 2778 pulsus
198 2699 361 2765 Placentia,
381 2697 475 2754 eaesis
503 2713 594 2768 nuper
615 2695 742 2762 auxiliis,
770 2696 860 2756 etiam
886 2716 940 2770 per

74 2816 245 2860 coneursum
265 2799 489 2870 exploratorum,
503 2797 603 2852 erebra
628 2794 719 2868 magis
739 2811 826 2868 quarn
848 2795 941 2868 digna

73 2903 232 2958 memoratu
267 2895 384 2968 proelia,
418 2893 552 2962 inleri0r3
593 2893 802 2965 propinquante
844 2893 940 2952 Fabio

73 2985 213 3065 Valente,
227 3013 264 3052 ne
284 3010 370 3052 omne
396 2992 467 3050 belli
490 2993 579 3048 decus
598 2991 667 3048 illue
691 2991 877 3070 concederet,
899 3011 940 3050 re·

101 3169 225 3220 Destrui.
236 3167 263 3213 R.
277 3165 385 3224 sudibus]
417 3165 498 3211 Altera
513 3165 617 3218 Othonis,
633 3164 719 3210 victore
733 3163 845 3210 Vitellio:
866 3165 942 3211 altera

72 3231 170 3283 Vitellii,
185 3227 286 3271 vincente
300 3223 446 3284 Vespasiano,
463 3224 491 3268 de
508 3238 552 3282 qna
567 3230 641 3268 noster
657 3225 697 3275 ΙΙΙ,
717 3227 747 3270 lb.
760 3237 792 3283 sq.
825 3223 860 3269 Ea
871 3225 941 3282 vulgo

72 3290 154 3336 dieitur
173 3286 201 3330 ad
221 3285 353 3330 Cremonam
372 3283 448 3327 laeta:
473 3283 512 3326 aed
533 3282 590 3328 inter
609 3282 742 3328 Cremonam
761 3289 785 3328 et
807 3281 941 3331 Bedriacum

71 3353 190 3409 prignatrrm
201 3350 242 3397 ert,
257 3354 327 3400 eaque
341 3341 370 3385 de
384 3353 461 3384 carrusa
475 3339 563 3442 utrique
577 3340 628 3386 loeo
644 3341 761 3400 praelium,
777 3355 839 3386 more
849 3343 891 3388 seri
909 3348 945 3390 lo-

71 3420 128 3464 rrrnr,
138 3401 247 3464 adsignari
257 3403 338 3462 potest.
370 3397 517 3472 Viddielaa
542 3397 646 3460 Xenopb.
658 3399 732 3450 Mem.
744 3403 767 3448 ὃ.
780 3400 854 3460 lll,5.
904 3417 942 3452 nt.
