2100 3816
90 145 160 210 120
399 159 586 208 sunssrvss
818 162 849 210 s.
864 162 897 212 v.
915 166 981 214 seo.

84 317 161 373 bona
182 314 313 388 malaque
327 315 513 372 documenta.
555 312 712 370 Thraseae
736 312 917 390 Soranoque
944 320 984 374 et

87 413 233 470 Serviliae
252 415 337 469 datur
356 411 455 468 mortis
469 411 630 468 arbitrium.
673 413 835 470 Helvidius
858 420 891 470 et
920 415 984 472 Pa·

84 513 187 570 conius
203 513 289 568 ltalia
302 512 494 581 depelluntur.
537 509 697 567 Montanus
712 511 789 582 patri
803 529 979 584 concessus

86 617 141 678 est,
164 610 321 682 praedicto,
349 625 387 664 ne
409 607 440 664 in
469 607 632 680 Republica
656 611 822 668 haberetur.
870 615 982 670 Adcu-

86 703 238 774 satoribus,
265 707 355 780 Eprio
381 711 411 761 et
433 706 618 771 Cossutiano,
642 706 836 784 quinquagies
865 719 981 768 sester-

88 805 160 866 tiiim
184 807 324 882 singulis;
346 805 462 864 Ostorio
483 807 642 864 duodecies
666 815 697 865 et
722 808 905 880 Quaestoria
930 809 980 866 in·
1044 769 1045 840 l

36 899 196 980 assigniri,
217 907 388 974 tribuuntur.
430 905 509 961 Tum
536 907 574 961 ad
604 905 779 971 Thraseam,
808 905 840 962 in
879 907 979 964 hortis
1044 921 1045 934 ¹

89 1011 235 1078 agentem,
264 1004 408 1075 Quaestor
441 1003 577 1059 Consulis
598 1003 709 1060 'missus
738 1011 978 1076 vesperascente
1044 1039 1045 1050 ,

88 1104 148 1162 iarn
180 1103 239 1158 die.
281 1101 449 1160 inlustrium
478 1101 605 1158 virorum
635 1101 870 1176 feminarumque
902 1121 975 1161 coe·

90 1207 134 1260 tus
155 1201 318 1274 trequentes
351 1204 459 1273 egerat,
479 1200 608 1256 maxime
635 1199 767 1256 intentus
800 1201 974 1271 Demetrio,
1044 1229 1045 1280 3

90 1298 224 1374 Cynicae
257 1297 447 1354 institutionis
478 1297 613 1354 doctori:
641 1314 709 1354 cum
731 1315 801 1372 qno,
832 1305 865 1355 ut
899 1319 974 1358 con·
1044 1285 1045 1356 l

89 1398 199 1454 ieotare
210 1403 271 1452 erat
285 1395 447 1452 intentione
461 1397 568 1462 vultus,
582 1403 612 1450 et
626 1395 742 1462 auditis,
756 1397 782 1452 si
791 1413 849 1470 qua
859 1399 974 1456 clarius
1044 1465 1045 1480 χ

89 1497 340 1570 proloquebantur,
364 1494 401 1549 de
428 1499 530 1548 natura
552 1492 669 1549 animae
693 1499 724 1550 et
751 1494 972 1568 dissociatione

90 1595 207 1668 spiritus
226 1591 408 1665 corporisque
435 1589 608 1664 inquirebat.
628 1592 724 1648 donec
752 1593 879 1650 advenit
906 1595 972 1652 Do·
1044 1637 1045 1646 ,

91 1694 189 1752 mitius
214 1691 410 1755 Caecilianus,
430 1707 468 1744 ex
491 1688 602 1744 intimis
630 1688 743 1756 amuis,
770 1697 801 1746 et
828 1690 868 1759 ei,
896 1693 972 1766 quid
1044 1699 1045 1724 ¹

93 1793 219 1850 Senatus
232 1789 402 1852 censuisset,
415 1785 560 1859 exposuit
594 1785 687 1860 Igitur
700 1787 804 1846 lleotes
818 1789 972 1864 queritari·
1044 1821 1045 1862 t

92 1893 201 1962 tesque,
227 1887 276 1960 qui
302 1887 434 1951 aderant,
460 1884 626 1958 ‘lacessere
659 1883 788 1960 propere*
818 1887 971 1958 Thrasea,

91 1994 166 2044 ‘neu
181 1983 373 2058 periculosus
387 1982 543 2039 miscerent
556 1999 623 2040 cum
642 1969 720 2040 sorte
733 1983 885 2053 damnati,’
899 1987 970 2044 hor-

91 2091 176 2142 tatur.
217 2082 398 2154 Arriamque,
418 2085 579 2138 tentantem
594 2081 690 2138 mariti
704 2099 848 2153 suprema,
864 2089 895 2140 et
910 2103 968 2143 ex-

91 2185 218 2256 emplum
234 2180 337 2239 Arriae
352 2178 449 2236 matris
464 2179 554 2253 sequi,
568 2183 676 2246 monet,
690 2179 837 2237 ‘retinere
858 2183 969 2253 vitam,

91 2282 224 2356 filiaeque
239 2277 386 2337 communi
409 2275 567 2332 subsidium
592 2276 710 2334 unicum
735 2295 795 2334 non
809 2278 969 2338 adimere?

39 2378 80 2438 35
93 2381 173 2440 Tum
187 2394 349 2453 progressus
370 2375 401 2434 in
423 2373 574 2446 porticum,
598 2374 661 2432 illic
684 2392 702 2430 a
727 2375 892 2448 Quaestore
918 2397 966 2436 re·

92 2465 206 2552 peritur,
221 2475 350 2534 laetitiae
372 2470 494 2546 propior,
519 2471 586 2546 quia
610 2471 792 2542 Helvidium,
816 2492 965 2548 generum

91 2596 182 2644 sunm,
210 2577 297 2632 ltalia
326 2577 437 2629 tantum
465 2569 558 2626 arceri
587 2576 776 2644 cognoverat.
820 2571 965 2648 Accepto

98 2677 206 2734 debinc
231 2674 356 2730 Senatus
372 2669 515 2735 consulto,
536 2667 708 2725 Helvidium
732 2676 763 2726 et
777 2669 969 2731 Demetrium

120 2847 254 2903 demptum
264 2842 347 2890 Arriuc
360 2837 437 2888 matris
451 2841 522 2902 sequi]
554 2841 622 2888 Arria
636 2845 708 2888 mater
722 2855 777 2888 uxor
791 2841 834 2888 luit
848 2843 966 2894 Caecinae

28 2908 31 2914 ’
91 2908 163 2962 Paeti,
173 2905 210 2967 qui
220 2904 242 2950 iu
252 2901 351 2963 partibus
366 2899 505 2947 Scriboniani
515 2907 591 2946 eontra
602 2900 727 2946 Claudium.
759 2901 814 2947 ldeo
823 2902 852 2948 ad
864 2910 965 2954 mortem

90 2972 161 3014 aetus
191 2963 235 3010 sed
250 2960 344 3021 praeivit
360 2974 421 3014 uxor,
437 2965 528 3004 aeterno
543 2966 568 3003 et
585 2958 685 3004 inaudito
700 2959 810 3018 exemplo,
826 2969 899 3006 semet
910 2963 965 3010 leri·

90 3027 159 3074 endo:
177 3027 343 3080 extractumque
357 3019 474 3079 pugionem
489 3017 570 3063 marito
588 3017 722 3078 porrigendo
737 3031 785 3062 cum
802 3020 966 3080 voeeqr’aerae,

89 3084 207 3132 nendolet.
241 3079 335 3126 Plinium
350 3079 399 3137 lege
415 3093 449 3138 ep.
467 3081 488 3131 3,
507 3077 581 3123 idad
597 3078 715 3136 Nepotem.
747 3075 865 3125 Martialis
875 3080 905 3125 de
915 3081 961 3130 bae

90 3143 183 3192 heroine
195 3144 215 3197 l,
227 3143 261 3186 lt.

206 3219 271 3265 Castu
281 3231 319 3264 suo
329 3215 432 3273 gladium
442 3228 492 3260 cum
503 3213 600 3260 truderet
610 3213 681 3260 Arrio
691 3212 768 3270 Pusts,

205 3279 279 3330 Quem
288 3277 315 3321 ds
324 3274 443 3320 uisceribus
453 3276 551 3318 traxerat
561 3272 608 3326 ipsu
617 3271 676 3318 ntis:

205 3337 274 3396 Siqua
281 3333 349 3392 fides,
362 3332 382 3375 V
382 3333 451 3377 ulnus
461 3331 518 3388 prad
525 3329 575 3385 seri
584 3322 703 3384 sss'aotss,
710 3330 802 3390 seqnit-

205 3396 249 3441 usu
258 3393 314 3453 quod
324 3397 349 3436 tu
355 3390 436 3446 socies,
447 3389 485 3434 lsoc
494 3387 559 3442 mut,
569 3386 644 3444 Poste,
652 3389 717 3435 dolet.

89 3475 115 3519 ln
124 3473 214 3520 zonara
225 3473 254 3530 ll,
262 3474 285 3517 s.
297 3474 321 3516 et
331 3467 404 3516 Dione
413 3469 449 3526 bd,
462 3469 496 3513 16.
507 3465 585 3516 eadem
596 3467 702 3514 namatio.
