2100 3834
100 155 172 226 ³42
404 173 657 222 ursroaranvar
822 178 854 225 a.
869 177 899 224 v.
913 179 958 226 aar.

96 325 238 386 ‘transitu
265 325 415 384 Batavos:
446 345 478 384 se
504 344 571 384 cum
593 328 725 386 exercitu
753 329 843 404 tergis
863 347 956 387 eorum

98 423 287 483 ‘haesurum'
327 425 363 482 Et
384 426 507 498 opprimi
536 433 675 500 poterant,
697 428 722 484 si
743 429 814 484 hinc
836 430 957 485 Hordeo·

98 525 171 584 nius,
207 525 273 582 inde
295 525 407 590 Gallos,
429 527 513 582 motis
547 527 687 600 utrimque
711 527 817 598 copiis,
852 530 956 584 medios

97 626 276 684 clausissent.
319 609 445 682 Flaccus
471 627 569 683 omisit
597 627 755 698 inceptum,
777 627 898 700 aliisque
919 627 959 684 lit·

98 727 168 782 teris
195 727 315 782 Gallum
342 725 461 789 monuit,
484 745 520 782 ne
542 731 661 782 terreret
682 729 832 782 alreuntes.
876 729 958 784 Vnde

97 824 234 896 suspirio,
254 831 358 896 sponte
373 826 546 894 Legatorum
561 825 684 880 exeirari
699 828 826 882 hellum:
848 833 960 883 cuncta·

98 941 162 999 que.
183 941 256 998 quae
276 925 443 979 acciderant
467 931 515 980 aut
545 927 752 988 metuebantur,
779 941 837 980 non
859 925 958 982 inertia

98 1013 208 1084 militis,
230 1039 322 1095 neque
344 1023 468 1078 hostium
490 1022 529 1086 vi,
543 1023 593 1077 serl
608 1022 706 1078 fraude
731 1023 850 1078 Ducum
866 1025 959 1079 eveni-

46 1132 137 1190 20re.
179 1120 297 1184 Batavi,
330 1137 396 1176 cum
421 1120 522 1176 castris
557 1120 759 1176 Bonnensibus
794 1123 963 1194 propinqua·

99 1224 170 1284 rent,
205 1217 386 1288 praemisere,
424 1217 472 1291 qui
511 1218 660 1276 Herennio
692 1219 780 1275 Gallo
824 1222 957 1276 mandata

98 1316 260 1374 cohortium
284 1321 463 1387 exponeret:
484 1319 614 1373 ‘nullum
638 1317 693 1372 sihi
726 1319 835 1374 bellum
864 1320 959 1374 ariver-

99 1419 163 1472 ‘sus
178 1415 334 1476 Romanos,
356 1433 406 1486 pro
429 1415 530 1486 quihus
552 1415 657 1471 totiens
680 1417 847 1474 bellassent.
890 1418 961 1473 Lon·

99 1521 152 1590 ‘ga
180 1522 263 1588 atque
299 1513 385 1570 inrita
406 1514 510 1570 militia
538 1514 620 1570 sessis
651 1515 762 1586 patriae
792 1523 880 1589 atque
912 1514 961 1571 otii

98 1615 284 1686 ‘cupidinem
299 1631 370 1670 csse.
413 1613 446 1669 Si
461 1631 547 1668 nemo
560 1613 721 1678 obsisteret,
742 1613 897 1670 innoxium
911 1615 961 1670 iter
1037 1647 1038 1694 3

99 1713 194 1781 ‘lore3
213 1715 258 1769 sin
281 1729 357 1770 arma
386 1721 547 1772 occurrant,
575 1711 648 1766 lcrro
676 1711 753 1766 viam
775 1709 962 1769 inventuros!
1037 1763 1038 1772 ,

100 1811 296 1869 Cunctantem
331 1811 472 1884 Legatum
507 1811 613 1866 milites
646 1813 841 1881 perpulerant,
864 1813 962 1867 ‘loriu-

99 1915 185 1966 ⁸nam
207 1909 307 1982 proelii
334 1910 520 1982 experiretur.
563 1907 636 1965 'l'ria
663 1907 755 1964 millia
791 1909 962 1980 legionario·

99 2025 160 2067 rum
181 2016 210 2066 et
224 2011 425 2066 tumultuariae
457 2011 610 2082 Belgamm
640 2009 784 2072 cohortes,
811 2011 897 2065 simul
919 2026 964 2081 pe·

99 2123 239 2184 gaoorum
265 2108 444 2181 lixarumque
459 2109 577 2180 igneve,
597 2109 647 2162 serl
671 2123 777 2178 procas
802 2115 872 2164 aute
895 2109 965 2179 peri-

99 2210 205 2274 culum,
236 2223 345 2272 manus,
372 2208 506 2263 omnihus
538 2205 624 2276 portis
658 2211 822 2278 erumpunt,
846 2215 877 2262 ut
910 2207 963 2262 lla·

99 2314 183 2364 tovos
212 2323 328 2363 numero
349 2307 463 2376 inpares
486 2304 725 2360 circumfundant.
769 2306 826 2368 llli,
850 2313 963 2359 veteres

99 2405 231 2470 militiae,
259 2405 288 2460 in
309 2421 417 2460 cuneos
439 2409 659 2475 congregantur,
680 2403 762 2456 riensi
786 2402 914 2475 undique
935 2405 964 2458 et

98 2503 221 2562 lrontenr
236 2510 371 2576 tergaque
393 2517 428 2558 ac
455 2504 527 2557 latus
554 2501 617 2556 tuti.
659 2500 709 2556 Sic
731 2507 847 2556 tenuem
870 2501 962 2558 aciem

98 2611 257 2660 nostrorum
279 2602 464 2674 perfringunt.
507 2599 684 2656 (ledentibus
710 2599 820 2669 Belgis,
849 2600 964 2670 pellitur

98 2701 186 2773 legio,
207 2709 235 2756 at
266 2703 373 2756 vallum
402 2706 551 2772 portasque
581 2698 682 2768 trepidi
713 2700 860 2767 petebant.
917 2696 961 2754 lbi

98 2800 250 2872 plurimum
275 2800 376 2855 clariis.
398 2801 562 2854 cumulatae
586 2796 752 2868 corporibus
779 2795 884 2852 larseae.
908 2813 960 2852 uec

97 2898 188 2954 caerle
210 2903 319 2952 tantum
334 2905 361 2952 at
379 2896 553 2954 vulneribus,
567 2897 617 2950 seri
643 2894 721 2952 ruina
748 2901 777 2950 et
798 2895 857 2951 suis
880 2895 961 2967 pleri

98 3013 153 3069 qrre
178 2994 243 3049 telis
271 2994 414 3062 interiere.
457 2993 602 3057 Victores,
626 2993 740 3050 colonia
767 2995 961 3066 Agrippinen·
1035 3005 1036 3020 ²

99 3093 172 3150 sium
194 3091 294 3154 vitata,
309 3092 381 3148 nihil
396 3100 495 3148 cetero
509 3093 538 3148 in
553 3092 657 3148 itinere
671 3093 776 3147 hostie
791 3093 863 3155 ausi,
886 3093 961 3148 Bon·

98 3208 188 3246 nense
217 3189 356 3261 proelium
379 3194 572 3256 excusabant3
593 3197 735 3263 tamquam
761 3193 852 3263 petita
877 3208 958 3263 pace,

44 3295 80 3352 21
98 3294 246 3360 postquam
267 3287 432 3358 negabatur,
452 3287 625 3357 sibimetipsi
647 3291 871 3344 consuluissent.
913 3288 959 3345 Gi·

96 3383 175 3444 vilis,
210 3385 337 3437 adventu
373 3388 572 3438 veteranarum
605 3388 778 3455 cohortium,
811 3387 881 3444 iusti
901 3386 958 3443 iam

121 3509 214 3558 &hnic
224 3514 432 3573 Agrippinensium]
463 3515 486 3560 Ν
488 3529 529 3562 unc
539 3519 643 3575 colorare.
