2100 3816
94 163 166 234 tut
388 139 641 234 ursnonssnvrr
816 188 847 235 s.
861 185 893 234 v.
907 187 969 238 son
1040 241 1041 256 χ

92 341 187 396 torem
200 335 324 412 flugitsri
346 337 440 398 iussit.
481 339 614 398 (luscius
641 353 727 413 segre
755 352 866 411 osseos,
894 339 970 398 mh·

91 453 160 496 cere
173 443 293 505 cuoots,
317 442 349 496 ct
370 438 486 512 pnvsts
512 440 635 496 vnlnere
657 437 852 511 Reipublicae
873 439 967 498 molis

91 535 339 609 operireststoit.
392 537 460 594 Nec
479 537 602 594 deersm
628 537 659 594 is
682 538 815 594 exercitu
842 536 965 596 semina

91 635 272 694 discordiose
293 635 368 711 quod
395 640 426 692 et
448 636 527 694 bello
553 636 693 694 sdverms
717 635 879 694 Vindicem
899 635 967 694 uni-

93 749 194 794 versus
217 733 357 798 udinem,
376 749 443 801 nec,
457 733 516 792 nisi
535 733 637 792 oncino
651 735 781 797 Nerone,
804 737 965 794 translatus

92 832 125 890 in
149 833 285 900 (inlisum,
306 837 392 907 utque
419 833 450 892 in
477 850 514 890 eo
540 832 605 906 ipso
631 838 814 890 sscrsmentc
839 831 965 892 vexillis
1041 884 1042 904 ,

92 930 235 990 inferioris
256 931 433 990 Germsniss
461 936 638 1005 pmevenlus
658 937 728 990 erut.
770 931 809 988 Et
831 929 964 990 Treveri

92 1045 129 1088 sc
143 1029 302 1104 Lingones,
322 1047 448 1104 quosque
469 1029 541 1088 sliss
561 1029 700 1088 civitstes
719 1029 866 1086 succinos
883 1029 965 1088 esliu-

92 1127 140 1194 tis,
154 1133 203 1184 sot
216 1128 324 1186 domno
337 1127 446 1197 linium,
461 1127 558 1186 uaros
579 1131 751 1200 perculerat,
765 1128 898 1186 hibernis
917 1130 960 1186 ls-

92 1225 211 1299 gionum
223 1226 338 1299 propius
353 1225 521 1284 miscentur.
542 1227 632 1285 Vnsls
641 1227 781 1284 seditiosu
791 1227 964 1302 conloquio,

93 1327 124 1380 et
144 1323 361 1398 intermunus
374 1325 542 1399 corruptior
567 1325 659 1394 miles,
679 1332 710 1382 el
723 1326 754 1384 io
782 1326 963 1399 Verginium

41 1416 185 1489 illusor,
210 1422 383 1498 cuicumque
404 1423 456 1480 elii
483 1425 652 1498 profuturus.
708 1423 831 1482 Miseret
852 1425 964 1483 civiles

93 1519 268 1596 Lingonum,
293 1528 394 1580 vetere
419 1522 561 1591 instituto,
584 1524 663 1580 dous
696 1523 870 1596 legionibus,
892 1525 964 1582 sles-

93 1624 161 1685 trss,
176 1621 294 1694 hospitii
315 1620 437 1693 insigne.
479 1620 585 1695 Legsti
612 1637 721 1688 eorum,
741 1621 772 1680 in
786 1623 963 1695 'squalorem

93 1721 325 1794 maestitiamque
352 1720 516 1794 compositi,
535 1739 587 1794 per
615 1720 768 1794 principis,
783 1739 834 1794 per
857 1727 962 1780 contu·

94 1817 204 1882 bernis,
219 1819 305 1876 modo
317 1835 387 1876 suns
399 1815 531 1886 mosas,
542 1821 639 1887 modo,
649 1817 790 1878 mulctum
803 1817 963 1877 Murrum

90 1912 225 1990 gruem
247 1921 287 1982 et,
301 1917 351 1974 ubi
364 1916 460 1988 pronis
482 1917 607 1976 militum
632 1917 746 1976 nuribus
773 1917 963 1991 accipieban-
1042 1985 1043 1988 Ἴ

94 2017 148 2078 tor,
161 2009 251 2087 ipsius
265 2011 398 2072 rrcrcilsu
407 2009 569 2091 pretiosiset
593 2014 773 2074 rosoonrls'uc
784 2032 964 2090 conqueren-

95 2115 148 2178 tes,
171 2112 374 2170 accendebant
406 2113 529 2172 scimus.
589 2115 657 2172 Nec
683 2117 785 2188 procul
812 2115 962 2174 seditione

94 2209 223 2276 oberunt.
237 2227 304 2270 cum
316 2211 498 2270 Hordeonius
520 2213 647 2270 Flaccus
671 2211 749 2270 ubire
771 2213 907 2289 legulos,
921 2218 963 2272 ot·

93 2327 149 2386 que
159 2310 303 2368 occultior
315 2310 460 2384 digressus
478 2317 566 2379 eseet,
574 2318 651 2370 scole
663 2311 767 2370 crure
779 2311 908 2370 erectim
920 2313 961 2372 iu

94 2409 152 2466 bst.
212 2410 286 2468 lude
312 2416 395 2468 stros
423 2427 525 2479 rumor,
562 2411 779 2470 sdtirmuntibm
806 2412 958 2487 plerisque,

93 2506 290 2575 ‘interiectum
309 2524 354 2575 uc,
375 2508 432 2566 nisi
445 2507 501 2581 ipsi
513 2511 708 2576 consulerent,
733 2510 802 2577 lore,
826 2515 857 2566 nt
882 2528 961 2568 scen

95 2607 182 2664 ‘rimi
197 2607 330 2674 militum,
349 2613 379 2666 et
393 2607 558 2680 proesentis
570 2609 732 2682 conquesti,
755 2627 805 2683 per
826 2613 960 2666 tenebrss

95 2709 145 2762 ‘et
157 2704 305 2762 insciliam
328 2709 489 2764 ceterorum
508 2704 729 2764 occiderentur?
769 2707 960 2782 obstringun-

95 2807 141 2860 tur
167 2801 243 2860 inter
268 2819 300 2860 se
327 2802 418 2860 tacito
445 2804 561 2862 loedere
592 2805 732 2879 legionen.
775 2805 962 2864 Adsciecitur

94 2899 268 2970 suxiliorum
294 2902 397 2970 miles,
419 2901 511 2974 primo
532 2908 691 2976 suspectos,
721 2909 878 2978 tamquam,
908 2904 962 2962 cir·

94 2998 237 3062 curndatis
251 2999 416 3058 cohortibus
427 3001 549 3076 elienor,
561 3003 676 3075 inpetus
690 3003 721 3060 in
731 3003 860 3076 legiones
882 3019 960 3076 prrs-

95 3103 180 3166 retur,
213 3115 282 3156 mox
306 3100 409 3158 eudem
428 3100 523 3156 scrius
551 3103 691 3158 volvens:
723 3100 854 3158 lsciliore
885 3101 961 3160 iuter

95 3198 186 3254 mulos
199 3211 343 3254 consensu
358 3197 394 3252 ud
409 3197 527 3263 bellum,
540 3215 625 3272 quum
648 3199 679 3256 in
694 3215 767 3271 pace
790 3201 827 3258 ud
841 3216 962 3260 concor·

42 3300 83 3359 55
95 3293 182 3350 dium.
225 3292 372 3350 Inferioris
392 3297 490 3348 tamen
511 3295 690 3375 Germanice
712 3298 843 3372 legionen
858 3302 963 3358 solem·

94 3389 125 3448 oi
159 3391 283 3448 Kalend.
335 3389 533 3450 lsuuurisrum
567 3405 751 3455 sacramento
777 3413 831 3470 pro
864 3397 963 3460 ustos
