2100 3816
88 223 211 272 acer.
307 225 379 272 ure.
405 225 477 274 xvr.
529 227 607 274 eae.
634 207 802 278 27.—30.
882 209 951 280 117

87 361 247 450 ‘generum
261 379 334 444 eius,
349 379 521 438 Helvidium
544 381 685 448 Priscum,
705 381 735 440 in
748 373 859 442 iisdem
880 385 952 444 iuro·

88 476 191 542 ·riirus,
209 477 292 534 simui
309 478 470 536 Paconium
484 481 688 554 Agrippinum,
703 484 816 554 paterni
829 485 859 541 in
872 485 953 543 Prin·
1033 549 1034 558 χ

88 575 189 646 ‘cipes
201 577 262 632 odii
282 577 430 644 heredem,
444 583 474 634 et
499 579 630 637 Curtium
656 579 839 648 Montanum,
858 585 953 641 detes·
1033 563 1034 570 ἵ

88 679 95 703 ⁸
107 676 191 730 tenda
204 675 334 732 carmine
357 675 550 742 factitantem,
561 679 677 734 eludare
691 679 800 751 inpune
814 680 952 739 sinerent.

88 773 262 846 ‘Requirere
282 791 315 830 se
336 775 502 832 in'Senatu
525 777 725 844 Consularem,
747 777 777 834 in
798 779 877 835 votis
903 780 953 836 Sa-

89 873 259 938 ‘cerdotem,
285 873 318 929 in
341 872 525 930 iureiurando
538 874 655 932 civem:
679 875 745 942 nisi,
759 883 862 932 contra
873 877 954 934 insti·

89 974 169 1025 ‘tuta
192 977 219 1026 et
246 969 423 1028 cerimonias
437 974 587 1039 maiorum,
606 973 781 1046 proditorem
809 977 903 1048 palam
924 981 954 1034 et

89 1069 213 1127 ‘hostem
237 1072 374 1128 Thrasea
398 1072 549 1130 induisset.
591 1073 727 1146 Denique
744 1081 841 1147 ageret
863 1075 954 1132 Senn-

90 1173 201 1238 ‘iorem,
223 1175 254 1226 et
269 1169 411 1242 principis
435 1173 646 1228 obtrectatores
668 1177 817 1245 protegere
841 1173 952 1240 solitus,

88 1269 225 1335 ‘reniret
251 1273 395 1332 censeret,
417 1269 486 1342 quid
508 1269 616 1342 corrigi
638 1275 687 1326 cni
709 1271 813 1326 muteri
839 1273 950 1328 veliet:

89 1365 212 1423 ‘lucilius
227 1368 388 1439 perlaturos
402 1366 516 1440 singola
535 1367 747 1438 increpantem,
769 1383 854 1442 qoam
874 1385 953 1426 nunc

88 1465 253 1523 ‘silentium
268 1465 427 1538 perterrent
442 1466 540 1522 omnia
565 1465 739 1522 damnantia.
780 1466 889 1523 Pacem
908 1466 954 1524 iiii

88 1567 266 1636 ‘pernrbem
292 1570 447 1629 terracon
469 1563 609 1620 victorias
629 1563 694 1620 sinc
715 1564 824 1619 damno
841 1562 953 1619 exerci-

86 1665 190 1728 ‘ioum,
203 1663 362 1736 displicere
373 1659 385 1719 i
406 1663 454 1718 Ne
466 1661 623 1726 hominem,
633 1660 717 1717 bonis
729 1659 853 1733 publicis
864 1675 954 1716 moes·

89 1763 170 1826 ‘lnm,
190 1767 220 1819 el
255 1762 306 1835 qui
329 1761 398 1827 iore,
426 1761 547 1826 theatra,
579 1761 688 1832 templo
716 1775 767 1832 pro
797 1758 954 1816 solitudine

88 1859 227 1925 ‘haberet
252 1860 300 1932 qui
323 1857 503 1916 minitaretur
521 1853 657 1914 exsilium
675 1873 766 1924 soum,
787 1855 953 1914 ambitionis

89 1963 210 2030 ‘pram
225 1963 390 2028 compotem
405 1957 543 2014 incerent.
585 1957 653 2012 Non
667 1955 712 2012 iiii
722 1957 854 2014 consulta
868 1956 954 2022 haec,

89 2060 157 2113 ‘non
196 2055 384 2129 Magistratus
424 2061 473 2112 aul
503 2055 682 2111 iiomanam
714 2057 814 2111 urbem
849 2053 951 2111 videri

89 2157 298 2224 ‘Abrumperet
322 2153 413 2211 vitam
435 2154 474 2208 ab
493 2169 528 2208 ea
549 2152 682 2219 civitate,
705 2152 787 2210 cuius
800 2153 953 2209 caritatem

87 2255 177 2320 ‘oiim,
194 2269 274 2310 nunc
295 2257 325 2308 ol
344 2253 514 2322 adspectum
528 2248 677 2306 exuisset?
717 2251 792 2307 Com
813 2267 867 2323 per
878 2249 952 2306 haec
963 2252 1006 2310 29

88 2358 168 2428 atque
183 2352 255 2410 tniia
271 2351 438 2418 Mareotim,
452 2356 484 2407 ut
497 2357 560 2407 erat
572 2355 670 2407 torvus
691 2355 721 2406 el
743 2350 853 2416 minax,
868 2365 954 2416 voce,

87 2455 173 2520 rnitu,
188 2451 282 2508 oeulis
296 2451 477 2507 ardesceret:
499 2467 557 2506 non
579 2448 629 2505 iiie
645 2453 714 2504 notn
729 2453 759 2504 ei
782 2446 953 2503 celebritate

87 2548 277 2620 periculorum
291 2552 374 2604 sueta
388 2545 447 2602 iem
462 2547 587 2603 Senatus
603 2545 758 2610 maestitia,
770 2561 802 2599 se
817 2560 910 2600 novus
924 2547 954 2602 al

87 2646 169 2704 altior
205 2663 305 2718 paror,
334 2661 435 2701 manus
462 2649 492 2700 et
520 2647 579 2700 tein
605 2643 730 2700 miiitum
757 2641 953 2698 cernentibus.

86 2743 168 2803 simui
197 2743 289 2816 ipsius
311 2743 464 2799 Thraseae
485 2741 662 2798 venerabilis
686 2740 799 2813 species
819 2743 955 2798 obversa·

86 2844 183 2902 batur:
205 2849 237 2899 el
261 2847 354 2908 erant,
373 2842 423 2916 qui
446 2841 637 2898 ‘Helvidium
652 2839 773 2915 quoque'
787 2841 955 2898 miseraren-

87 2947 139 3011 tur,
170 2941 331 2998 ‘innoxiae
355 2939 514 2998 adfinitatis
549 2955 657 3012 poenas
689 2940 829 2997 daturum.
872 2935 950 3012 Quid

85 3040 271 3115 ‘Agrippino
292 3039 447 3108 obiectum,
470 3037 527 3095 nisi
546 3037 657 3094 tristem
681 3038 770 3111 patris
790 3039 954 3106 tortunam3

84 3141 263 3216 ‘quandoet
286 3139 348 3205 iiie,
374 3137 494 3211 perinde
518 3137 670 3202 innocens,
694 3135 809 3194 Tiberii
830 3135 956 3192 saevitis

84 3239 290 3298 ‘concidisset
333 3238 494 3295 Enimvero
505 3235 678 3293 Montanum
688 3237 794 3308 probne
805 3235 955 3299 iuventae,

84 3345 197 3413 ‘neque
225 3336 329 3394 lnmoai
349 3335 498 3403 carminis,
524 3335 592 3408 quin
618 3333 767 3407 protulerit
794 3332 955 3404 ingenium,

85 3443 251 3496 ‘extorrem
276 3433 345 3511 agi’
386 3435 485 3509 Atque
512 3433 632 3496 interim
658 3429 791 3491 Ostorius
820 3427 954 3494 Sabinos,
969 3433 1012 3494 30
