2100 3834
76 227 152 302 lic.
172 257 210 303 ro.
315 251 385 300 ern.
403 217 449 300 iv.
500 253 578 300 cur.
597 230 739 300 u-rc.
883 192 954 302 333
1038 269 1039 294 r

76 423 155 482 quae
184 405 280 463 sortiri
301 407 411 480 legatos
437 408 572 472 malebat,
593 406 681 464 etiam
704 404 806 462 mediis
833 405 952 464 Petrum
1039 453 1040 460 ,

78 505 295 571 adnitentibus,
323 505 446 561 retinere
481 522 600 562 morem.
641 505 679 562 Et
703 505 953 577 splendidissimus

77 604 205 678 quisque
239 605 342 660 eodem
371 603 540 672 inclinabat,
571 609 649 662 melu
675 603 816 671 invidiae,
839 602 864 660 si
898 603 954 676 ipsi
1038 597 1040 634 ³

78 701 270 776 ebgmcnuu.
313 703 452 758 Semnum
489 702 566 758 nbud
601 709 758 759 ceunmen
801 701 985 765 Pmemnn9
1040 747 1041 750 η

75 800 186 856 aerarii
201 796 283 874 (nem
303 803 363 856 tum
377 817 394 855 e
410 799 591 856 Praetoribus
606 801 781 856 tractabatur
796 797 951 875 cerarium)

73 903 83 930 ⁸
99 897 251 971 publicam
281 895 486 970 paupertatem’
516 898 619 969 questi,
647 883 952 970 ‘modum'inpensis'

78 993 314 1066 pedumvemnt
363 991 437 1048 Eam
459 1007 557 1048 murm
581 993 893 1066 Gonuurbdgnmus
915 993 953 1049 ob

79 1091 317 1166 magnitudinem
337 1091 433 1148 oneris
462 1100 489 1147 et
505 1091 626 1147 remedii
640 1091 850 1157 difficultatem,
873 1091 953 1148 Prin·

76 1189 953 1265 offimwmm.fflfflfflnwfflmfflmmmm

76 1287 188 1352 ‘dum,'
209 1289 332 1345 censuit.
375 1287 450 1346 Cum
477 1295 660 1362 perrogarent
688 1293 849 1345 sententias
877 1291 953 1346 Con·

79 1390 171 1452 sules,
192 1373 351 1443 Vulcatius
364 1385 556 1452 Tertullinus,
584 1385 733 1443 Tribunus
749 1387 849 1459 plebis,
865 1387 954 1444 inter·

78 1486 181 1551 cessit,
201 1491 260 1542 ‘ne
284 1485 450 1558 quirlsuper
477 1493 557 1541 tenta
585 1503 625 1550 re,
654 1485 790 1556 Principe
818 1488 952 1566 absente,

76 1579 297 1640 ‘statueretun'
337 1583 498 1640 censuerat
531 1583 696 1648 Helvidius,
716 1587 766 1638 ‘ut
781 1583 954 1653 capitolium
982 1621 985 1624 -

80 1688 90 1715 ‘
106 1681 226 1755 publice
241 1681 445 1744 restitueretur,
456 1682 608 1737 adiuvaret
624 1675 856 1752 Vespasianus.''
878 1681 952 1736 Eum

81 1779 262 1837 sententium
291 1779 517 1835 modestissimus
541 1779 660 1852 quisque
687 1779 814 1844 silentio,
842 1780 949 1836 deinde

85 1877 204 1935 oblivio
244 1877 412 1935 transmisit.
473 1878 644 1953 Fuere,qui
679 1885 708 1934 et
743 1879 953 1936 meminissent.

87 1975 1007 2054 Twstmmmoetffimmufflmnnwmfflmfflqp

80 2078 207 2140 ‘lerem,
231 2091 319 2148 aquo
334 2075 457 2131 Baream
474 2076 614 2132 Soranum
634 2075 706 2132 lalso
722 2077 888 2132 testimonio
902 2076 956 2132 cir-

82 2169 311 2240 ‘cumventum,'
334 2175 480 2247 urguebat.
541 2173 584 2229 En
613 2174 781 2247 cognitione
817 2171 953 2230 renovari

82 2265 955 2330 fflhmmmfflvmmmmdffiwmmm

83 2369 955 2444 mmmffmmwQOwfflmmm

85 2471 247 2528 memoria:
280 2471 368 2527 Celer
394 2471 535 2542 protessus
562 2469 745 2542 sapientium,
776 2469 843 2525 dein
873 2467 954 2525 testis

86 2569 118 2626 in
136 2569 259 2624 Baream
281 2567 408 2640 proditor
434 2575 636 2640 corruptorque
660 2567 748 2624 nmici
771 2573 801 2623 et
815 2567 897 2624 cuius
922 2585 954 2624 se

85 2667 257 2739 magistrum
271 2666 388 2722 terebat.
430 2665 582 2722 Proximus
596 2665 659 2721 dies
686 2683 808 2722 caussae
828 2665 954 2723 destinc-

87 2771 143 2823 tur.
187 2765 323 2821 Nectum
340 2763 490 2821 Musonius
505 2771 552 2820 eut
579 2763 707 2830 Publius,
727 2781 812 2838 quam
838 2765 954 2822 Priscus

90 2869 121 2922 et
135 2853 294 2922 ltlurceltus
314 2864 471 2938 ceterique,
498 2862 584 2918 molis
610 2862 646 2918 cd
674 2863 813 2920 ultionem
841 2865 954 2934 animis,

119 3017 350 3078 Ollioiotrnmmirr't]
374 3016 496 3064 oblivione
504 3014 632 3062 transmisit.
653 3015 746 3064 Neutrir
755 3017 880 3064 delectetur
889 3017 957 3066 rau·

86 3082 130 3124 tus.
164 3077 199 3121 Sic
210 3075 265 3122 alias
279 3081 370 3136 usurpet
385 3075 503 3131 obsidium,
518 3073 633 3121 escidium.
666 3075 691 3121 ln
701 3076 785 3136 plurali
795 3077 913 3134 Horatius,
925 3075 955 3123 11.

91 3137 163 3184 serm.
176 3135 216 3182 Vl.
228 3138 263 3182 62,

238 3212 328 3260 Ducere
338 3213 442 3260 wllicilue
450 3211 556 3271 jucundo
565 3212 646 3259 obtimis
656 3211 720 3260 sitne.

93 3293 153 3341 lntra
172 3292 232 3338 idem
253 3291 353 3344 Tacitus.
372 3307 421 3352 cap.
442 3295 477 3338 31.
510 3293 557 3338 Aut
579 3291 625 3338 levi
646 3304 765 3348 murmure,
785 3294 809 3336 et
826 3290 958 3352 plerumque

91 3351 181 3400 silentio
191 3351 379 3396 trrnsmittrhsnt.
413 3350 473 3397 Brot.

121 3429 190 3476 Motis
199 3429 229 3475 ud
238 3429 344 3475 ultionem
354 3429 444 3487 animis]
477 3427 592 3474 Sententia
601 3430 652 3472 est:
675 3425 725 3470 Non
741 3411 786 3469 tem
802 3423 880 3468 minuti
891 3423 958 3471 illiet

94 3489 177 3552 plebeii
193 3489 306 3535 delatores
329 3486 521 3548 exspectabuntur,
538 3489 578 3530 sut
599 3482 769 3543 expetebantur,
790 3493 865 3540 quem,
878 3482 959 3528 erectis

134 3587 205 3628 von.
227 3586 261 3625 rr.
538 3565 576 3619 29
