2100 3834
87 221 198 271 aen.
318 223 387 271 ans.
416 222 467 272 111.
520 226 597 273 can.
627 205 659 274 9.
690 209 745 276 10.
871 209 945 278 269

86 380 150 442 erat,
182 376 319 450 epistolis
346 378 488 451 increpat,
520 381 615 438 donec
650 400 701 456 per
722 383 838 442 nuntios
860 393 947 458 pacta

85 475 213 547 perfidiae
229 478 367 534 firmaret.
408 480 529 536 Interim
541 482 672 553 Aponius
688 483 860 541 Saturninus
875 503 942 542 cnm
1027 485 1028 502 ¹

85 573 192 646 legione
220 577 348 649 septima
364 579 527 636 Claudiana
553 581 683 638 advenit.
706 582 815 656 legioni
838 583 947 642 Tribu-

84 689 132 728 nus
159 675 326 746 Vipstanus
348 677 487 735 Messalla
515 685 656 750 praeerat,
675 681 762 738 elaris
784 682 948 750 maioribus,

85 772 210 845 egregius
226 776 302 848 ipse,
323 782 352 831 et
377 777 424 850 qui
440 779 516 833 solus
530 779 566 834 ad
591 779 621 834 id
646 781 753 836 bellurn
768 785 843 836 artes
859 782 948 838 bonas

83 871 240 929 adtulisset.
287 875 350 930 Has
377 877 413 931 ad
437 876 547 948 copias,
575 893 755 951 nequaqnam
776 878 948 936 Vitellianis

82 985 159 1040 pares
173 969 300 1046 (quippe
316 977 372 1030 tres
386 975 480 1032 adbuc
497 975 626 1048 legiones
640 973 736 1052 erant)
751 975 829 1034 misit
843 977 949 1049 episto·

82 1068 121 1124 las
135 1069 283 1132 Caecina,
306 1069 483 1130 terremtatem
502 1072 574 1130 victa
599 1089 682 1130 arrrra
705 1073 883 1132 tractantiam
906 1075 954 1132 in*

83 1183 192 1225 casana.
228 1169 316 1226 simul
343 1168 432 1227 virias
470 1169 632 1228 Germanici
656 1171 790 1230 eramus
818 1175 950 1232 laudibus

84 1265 298 1338 adtollebatur3
319 1269 437 1326 Vitellii
461 1271 576 1328 modica
600 1278 629 1327 el
654 1273 764 1345 vulgari
790 1274 949 1342 mentione,

84 1367 159 1422 nulla
187 1367 221 1425 in
258 1367 472 1440 Vespasianum
498 1367 683 1426 contumelia.
719 1371 793 1428 nibil
828 1389 950 1445 prorsus,

82 1466 152 1538 qnod
168 1473 220 1524 aut
236 1475 438 1538 contemperet
455 1469 575 1537 bostem,
596 1477 645 1524 aut
659 1473 790 1524 terreret.
832 1469 950 1526 Flavia·

86 1581 183 1622 narum
213 1566 338 1639 panium
367 1567 475 1631 Duces,
495 1567 601 1624 omissa
623 1567 724 1639 prioris
750 1566 882 1622 fortunae
901 1567 951 1624 als·

85 1661 229 1729 tensione,
251 1683 302 1736 pro
312 1665 496 1738 Vespasiano
508 1665 671 1740 magnifice,
686 1681 736 1738 pro
750 1681 851 1722 caussa
863 1665 951 1722 ilden-

86 1767 134 1832 ter,
148 1767 186 1822 de
201 1766 335 1822 exercitu
348 1766 453 1830 securi,
473 1767 504 1822 in
518 1763 673 1822 Vitellium
689 1769 719 1821 nt
738 1763 859 1832 inimici,
873 1781 952 1836 prae·
1027 1827 1028 1846 3

87 1878 252 1937 sumpsere:
269 1865 345 1920 iacta
358 1864 499 1921 'I'rlbunis
514 1863 793 1938 centurionibusque
807 1859 952 1930 reliaenrir',
1027 1921 1028 1932 ,

88 1978 155 2036 quas
174 1953 314 2019 Vitellius
339 1961 509 2028 indulsisset,
529 1981 589 2034 spe.
621 1970 705 2038 atque
733 1964 826 2037 ipsum
847 1964 951 2023 Caeci·

89 2076 154 2118 nam
171 2079 230 2118 nou
244 2063 364 2118 obscure
384 2063 420 2118 ad
446 2061 645 2118 transitionem
660 2062 854 2120 hortabantur.
895 2063 951 2120 iis·

88 2159 195 2218 citatae
221 2178 272 2232 pro
298 2160 441 2216 concione
469 2160 609 2232 epistolae
637 2162 774 2218 addidere
806 2161 952 2227 fiduciam,

89 2259 163 2332 qnod
178 2258 320 2315 submisse
335 2258 474 2325 Caecina,
487 2261 567 2316 velut
577 2259 722 2316 offendere
738 2258 952 2329 Vespasianum

91 2357 205 2421 timens,
225 2357 352 2430 ipsorum
383 2359 482 2414 Duces
510 2355 710 2431 contemptim,
743 2363 887 2429 tamquam
911 2355 952 2412 in·

89 2459 230 2513 saltantes
261 2454 394 2522 Vitellio,
428 2456 620 2528 scripsissent.
675 2457 817 2513 Adventu
845 2453 1006 2516 aleinaleltl

90 2550 208 2612 duarum
223 2554 378 2628 legionum,
397 2555 529 2629 equibus
557 2555 678 2611 tertium
701 2552 811 2610 Dillius
827 2552 953 2623 Aponia-

91 2671 152 2718 nus,
172 2661 310 2710 octavam
334 2653 482 2710 Numisius
509 2653 607 2725 Lupus
632 2653 787 2718 ducebant,
807 2657 954 2710 ostentare

89 2755 175 2819 vires,
196 2758 228 2809 et
246 2751 366 2808 militari
381 2754 459 2809 vallo
480 2751 628 2808 Veronam
639 2751 819 2809 circumdare
835 2753 952 2825 placuit.

120 2905 244 2964 Vipsanius
253 2905 357 2968 Messala]
389 2906 431 2952 Est
445 2905 487 2954 iste
496 2905 552 2975 ipse,
567 2904 602 2951 eui
618 2910 692 2964 parles
707 2907 812 2954 sermonis
822 2908 957 2978 praecipuae

90 2967 219 3012 tribuuntur
238 2966 260 3010 in
280 2965 358 3010 libella
385 2965 419 3010 De
438 2979 518 3010 sarissas
536 2969 653 3024 corruptae
671 2966 819 3026 eloquentiae,
854 2971 955 3014 abactam

91 3025 174 3073 Tacito
183 3023 256 3079 luisse,
272 3038 298 3070 ex
308 3023 385 3082 elogiis
395 3023 429 3070 bis
438 3023 491 3070 satis
501 3027 597 3068 constal.
627 3023 689 3080 Lipr.

119 3103 300 3173 Praernmpsars]
312 3103 326 3147 i.
339 3117 359 3149 e.
375 3102 423 3148 ausi
438 3108 488 3147 sunt
502 3101 598 3162 opinari,
614 3103 711 3148 scribere
726 3105 754 3150 de
769 3104 865 3151 Vitellio
880 3105 956 3150 contu·
1027 3099 1028 3104 ’

93 3163 185 3210 meliose
204 3173 257 3207 anre
274 3161 399 3214 victoriam.
419 3167 537 3222 antequam
558 3161 587 3205 de
605 3161 665 3206 exitu
686 3161 739 3208 belli
758 3169 877 3215 constaret,
896 3162 957 3206 errius

91 3223 175 3270 scilicet
186 3226 251 3266 erant
266 3219 343 3266 securi.
375 3220 428 3266 Non
443 3221 501 3266 euim
517 3234 655 3276 praesumare
670 3227 702 3266 est
718 3221 847 3280 simpliciter
861 3219 956 3278 opinari,

93 3288 116 3328 ut
135 3283 204 3341 putat
222 3279 332 3336 Ryciins,
351 3279 389 3323 sed
414 3277 482 3324 babet
500 3278 679 3334 significationem
699 3279 798 3323 blaciae.
819 3276 958 3330 arrogantiae

94 3341 169 3386 alieno
180 3343 287 3398 tempore.
304 3339 351 3383 aive
367 3343 420 3382 ante
435 3345 530 3397 ternpus.
561 3338 598 3382 Sic
613 3337 880 3396 ap.Quinti1.rr.r.2r.
896 3346 958 3384 pras·

92 3411 180 3446 ramere
188 3401 259 3453 partes
268 3397 350 3444 iudicia
359 3403 400 3449 est,
416 3411 520 3453 arrogare
529 3395 570 3440 tibi
582 3397 630 3444 laos,
645 3399 670 3443 ut
681 3392 763 3456 indicas
773 3391 802 3433 de
811 3394 959 3452 caussa'snte,

93 3471 160 3522 quam
171 3455 253 3506 iudicer
262 3455 394 3506 sententiam
404 3454 500 3501 dixerint
509 3473 514 3499 ι
532 3454 586 3498 item
597 3451 620 3496 in
629 3448 680 3494 aliis
688 3448 749 3492 locas.
