2100 3834
67 179 197 230 acra
284 178 355 226 sm.
375 177 427 226 ιιι.
478 154 744 225 caasa-51.
864 155 938 224 295
1039 247 1040 256 ἵ

68 351 117 392 ces
132 331 253 394 militari
267 331 409 390 violentie
431 325 625 390 trahebantur.
647 347 720 406 quae
743 329 892 399 seditiosa,
912 333 945 389 st

70 433 308 505 mammpcalas
334 431 518 502 disciplinae,
546 448 614 488 mas
629 429 658 486 is
688 431 825 502 praedam
850 434 944 487 verte·

71 534 130 598 bet,
159 530 233 588 nihil
265 531 474 588 adventantem
505 529 675 586 ansanum
703 529 835 598 rerilus3
867 530 946 604 qnod

71 629 226 688 exitiosius
241 633 313 693 aar,
332 646 418 702 quam
433 627 645 698 Vespasianum
660 625 815 700 sprevisse.
857 629 944 687 Oete·
954 623 996 685 50

69 745 133 786 rrrm
155 727 316 800 propinqua
341 726 446 792 bieme,
467 733 496 784 et
517 725 701 782 humentibus
717 725 797 783 Pado
823 727 944 796 campis,

71 826 244 898 expeditum
259 842 365 898 agmen
377 824 523 882 incedere.
550 821 644 897 Signa
660 825 831 898 aquilaeque
847 824 944 883 sictri-

72 925 152 982 cium
182 925 339 997 legionum.
365 923 473 980 milites
494 923 661 980 vulneribus
688 930 738 979 aut
764 927 860 982 aetate
883 939 945 996 gra-

71 1041 136 1088 ves,
157 1021 287 1095 plerique
310 1021 400 1080 otiam
428 1022 543 1094 integri,
569 1021 707 1077 Veronae
738 1023 849 1079 relicti:
870 1023 945 1080 sufli-

71 1137 140 1180 cere
172 1120 307 1176 cohortes
333 1123 466 1194 alaeque,
492 1127 521 1176 et
546 1137 563 1175 e
588 1120 754 1192 legionibus
783 1121 862 1188 tecti,
884 1139 945 1194 pro·
987 1193 992 1200 .

71 1219 173 1293 fligato
208 1219 266 1276 iam
300 1221 386 1282 bello,
422 1220 603 1276 videbantur.
668 1219 835 1277 Vndecima
867 1221 948 1296 legio

73 1335 138 1374 sese
161 1317 345 1382 adiunxerat,
370 1317 457 1374 initio
481 1323 635 1385 cunctata3
655 1318 716 1382 sed,
742 1320 883 1390 prosperis
904 1335 945 1376 rc·

74 1418 138 1483 bus,
165 1416 267 1481 anxia,
293 1419 368 1489 quod
395 1415 543 1473 defuisset.
587 1419 646 1472 Sex
677 1416 768 1472 millia
797 1417 946 1474 Dalmata·

75 1529 145 1582 run,
168 1531 271 1572 recens
292 1517 431 1580 delectus,
458 1516 680 1572 contrabantur.
723 1516 858 1572 Ducebat
874 1513 947 1587 Pop·
982 1539 985 1544 ·

76 1631 167 1688 pecus
190 1613 340 1680 Silvanus,
368 1614 622 1672 consuluimus
646 1613 832 1670 emasiliorum
857 1627 951 1686 penes

78 1713 214 1770 Ausim
250 1712 382 1778 Bassum,
409 1711 532 1785 legionis
563 1713 712 1784 Legatum.
737 1712 762 1768 is
785 1711 948 1790 Silvanum,

74 1813 229 1868 normalem
264 1811 349 1876 bello,
383 1815 413 1866 et
446 1810 510 1866 dics
543 1827 636 1868 rerum
666 1809 763 1866 verbis
798 1817 948 1883 terentem,

76 1909 177 1982 specie
198 1907 329 1983 obsequii
357 1909 483 1982 regebat,
511 1909 548 1964 ad
574 1909 738 1983 omniaque,
758 1927 832 1985 quae
862 1927 949 1985 egea·

77 2008 114 2064 da
144 2007 250 2071 forent,
270 2007 367 2080 quiete
399 2023 465 2063 cum
492 2007 632 2064 industria
652 2010 760 2064 scierat.
817 2009 866 2066 Ad
897 2010 948 2065 has

76 2105 189 2178 copias,
212 2123 229 2160 e
253 2095 385 2161 classicis
409 2105 639 2172 Rauennatibus,
665 2087 853 2180 legionariam
876 2106 949 2162 miii·

77 2203 150 2262 tiam
173 2203 369 2275 poscentibus,
393 2203 518 2276 optimus
542 2203 660 2278 quisque
684 2203 804 2260 adsciti:
825 2205 951 2260 classem

76 2304 239 2360 Delmatae
259 2303 441 2374 supplevere.
483 2301 639 2360 Exercitus
662 2303 818 2375 Ducesque
832 2302 869 2358 ad
894 2301 949 2358 Fa·

76 2415 149 2460 num
166 2399 313 2456 Fortunae
327 2399 384 2456 ilcr
395 2399 511 2467 sistunt,
525 2402 562 2456 de
575 2417 686 2456 summa
701 2416 792 2456 rerum
811 2405 950 2456 cunctau·
979 2409 981 2414 ’

77 2505 134 2566 tes,
161 2498 246 2571 qaod,
274 2503 364 2553 motus
390 2513 424 2553 cx
450 2495 519 2554 arba
548 2497 712 2554 Praetorias
738 2495 869 2564 echome,
903 2514 950 2554 au·

77 2599 207 2663 dierunt,
235 2601 265 2654 el
293 2597 385 2652 teneri
407 2595 559 2669 praesidiis
589 2597 778 2669 Apenninum
805 2599 949 2653 rebantur.

78 2701 111 2754 ct
140 2695 229 2768 ipsos,
256 2695 287 2752 ia
315 2694 433 2768 regione
454 2697 533 2752 bello
549 2695 677 2762 'adtrila‚
697 2695 794 2765 inopia
826 2700 857 2778 et
877 2693 951 2752 sedi·

78 2795 177 2852 liosec
197 2793 321 2850 miiitum
349 2809 437 2850 voees
466 2795 621 2860 terrebant,
648 2791 802 2862 clavarium
822 2793 951 2867 flagitan-

81 2894 164 2950 tium.
201 2909 256 2948 acc
285 2891 439 2964 pecuniam
466 2897 514 2947 aut
542 2891 720 2950 trumentum
747 2892 951 2966 providerant:

79 3000 111 3052 et
146 2992 296 3049 festinatio
326 2999 412 3066 alque
445 2991 572 3048 aviditas
608 2991 842 3065 praepediebant,
874 2993 952 3058 dum,

81 3107 158 3166 quae
181 3089 276 3164 accipi
301 3093 443 3164 poterant,
463 3089 621 3163 rapiuntur.
662 3091 874 3148 celeberrimos
888 3079 1001 3146 auc-51

114 3243 296 3300 Qunaardita'oru,
307 3244 361 3304 eta]
393 3244 488 3292 Sensus:
509 3241 552 3289 iata
567 3257 611 3289 non
626 3244 693 3290 modo
707 3242 810 3289 seditiosa
825 3247 849 3288 et
863 3241 891 3287 ad
906 3256 953 3288 cor·

85 3319 135 3351 rum
181 3304 233 3350 dam
242 3303 380 3364 disciplinam
390 3301 497 3358 valentia,
507 3303 545 3348 ssd
555 3301 623 3348 etiam
634 3303 685 3348 bine
694 3302 734 3347 iile
743 3301 880 3346 occasionem
890 3313 953 3360 pras¹

83 3365 131 3410 dan
150 3363 275 3408 isumebst.
306 3362 367 3410 Era.

114 3442 175 3491 Dia
182 3441 271 3503 rerum]
302 3441 358 3491 Dias
369 3441 436 3490 rebor
450 3439 542 3512 agendis
550 3439 635 3486 dicatos
644 3439 681 3484 rel
690 3443 761 3498 aplos
