2114 3830
85 175 157 248 364
386 194 638 244 msa-camaras
805 200 834 246 a.
851 197 881 246 v.
899 201 953 246 sm.

85 349 298 422 Vespasianum
321 347 418 406 animo
431 349 536 405 luisse:
557 356 586 406 et
602 349 717 424 quidam
733 369 750 406 e
770 351 956 420 Vitellianis,

85 453 155 509 urbe
177 447 296 522 prologi,
316 451 501 504 ostentabant
520 449 620 504 Pisoni
643 455 803 505 ‘nutantes
831 451 958 518 Gallias,

86 555 234 623 ‘paratam
249 545 446 612 Germaniam,
460 547 588 618 pericula
610 547 698 619 ipsius
712 554 742 603 et
758 549 787 604 in
811 566 883 621 pace
895 567 958 606 sus·

87 653 193 721 ‘pecta
213 646 300 702 tutius
315 643 442 701 bellum?
495 647 576 701 lnter
589 663 662 720 quae
674 647 816 704 Claudius
830 650 957 722 Sagitta,

87 741 255 805 Praefectus
269 747 333 801 alae
349 744 495 810 Petriuae,
515 761 649 816 prospera
663 745 853 817 navigatione
875 764 956 819 prae·

87 845 170 902 venit
197 844 353 916 Papirium,
375 842 631 909 Centurionem,a
659 843 801 900 Muciano
827 845 956 912 missum,

88 943 330 1017 adseveravitque
344 942 496 998 ‘mandata
504 942 700 998 interficiendi
714 943 831 999 Pisonis
846 944 955 1000 Centu-

90 1043 181 1100 ‘rioni
193 1043 268 1098 data.
302 1041 453 1099 (lecidisse
465 1041 664 1106 Galerianum,
675 1042 880 1098 consobrinum
891 1041 955 1097 eius

90 1145 312 1214 ‘generumque
353 1139 452 1196 Vnam
466 1139 497 1195 in
511 1139 632 1195 audacia
648 1156 729 1212 spem
744 1139 853 1196 salutis.
895 1139 957 1195 Sed

89 1239 164 1296 ‘duo
185 1237 289 1294 itinera
312 1237 453 1303 audsmli;
475 1255 526 1294 seu
551 1239 650 1293 mallet
676 1237 775 1294 atatim
803 1253 889 1301 arrna,
904 1253 957 1292 seu

90 1335 199 1410 ‘petita
214 1335 336 1392 navibus
351 1335 459 1401 Gallia,
484 1335 598 1392 Ducem
613 1353 644 1391 se
659 1335 830 1392 Vitellianis
844 1336 959 1392 exerci-

90 1435 186 1492 ‘tibus
198 1432 381 1491 ostenderet!
423 1433 506 1490 Nihil
519 1433 555 1490 ad
570 1451 606 1490 ca
620 1441 698 1490 moto
716 1434 833 1498 Pisone,
848 1435 958 1490 Centu-

92 1532 320 1593 rioaltiucianc
342 1531 452 1595 missus,
477 1539 508 1588 ut
534 1538 645 1604 portum
673 1531 861 1606 Carthaginis
884 1531 960 1588 adli·

92 1632 144 1708 git,
159 1650 262 1706 magna
278 1648 350 1688 voce
365 1632 441 1687 laeta
461 1629 564 1688 Pisoni
587 1630 693 1697 omina,
708 1637 854 1704 tamquam
877 1630 960 1688 Prin-

94 1731 164 1804 cipi,
196 1731 384 1798 continusrsr
416 1728 519 1786 obvios
546 1735 577 1784 et
599 1729 712 1785 subitas
747 1727 790 1784 rei
818 1728 960 1785 miraculo

94 1829 249 1894 adtonitos,
277 1833 307 1885 ut
333 1827 436 1884 eadem
463 1808 670 1900 adstreperent,
708 1827 825 1883 hortari.
855 1829 960 1900 vulgus

94 1928 251 1994 credulum,
271 1944 353 1983 ruere
380 1925 411 1982 in
431 1925 539 1982 lorum:
555 1923 744 2001 praesentiam
768 1923 883 1982 Pisonis
906 1943 961 1982 ex-

95 2041 224 2100 poscere.
265 2023 381 2082 Gaudio
404 2024 633 2098 clamoribusque
657 2029 763 2081 cuncta
787 2024 961 2090 miscebant,

96 2122 282 2198 indiligentia
303 2121 364 2179 reri
385 2128 415 2194 et
441 2122 579 2180 adulandi
609 2121 737 2178 libidine.
779 2122 859 2188 Piso,
885 2122 961 2179 indi·
1055 2151 1056 2156 κ

98 2223 146 2282 clo
167 2222 308 2296 Sagittae,
329 2223 377 2276 vel
398 2220 485 2277 insita
510 2220 660 2283 modestia,
685 2237 745 2276 non
766 2220 797 2277 in
812 2221 961 2296 publicum

98 2339 228 2396 egressus
242 2328 295 2386 est,
316 2337 409 2393 oeque
428 2337 460 2375 se
479 2319 582 2375 studiis
604 2319 684 2393 vulgi
705 2320 843 2393 permisit.
884 2317 962 2377 &n-

98 2420 296 2492 turioncmque
317 2423 530 2490 percunctatus,
544 2424 702 2492 postquam,
711 2423 719 2451 ⁶
729 2418 889 2492 quaesitum
903 2417 966 2477 sibi

99 2517 228 2574 ‘crimen
243 2513 436 2589 caedemquq'
450 2515 601 2589 comperit,
615 2516 827 2574 ‘animadverti
840 2516 871 2572 in
885 2514 961 2572 eum’

99 2615 192 2676 iussit,
206 2617 281 2672 baud
297 2613 414 2686 perinde
438 2631 489 2687 spe
505 2613 595 2680 vitae,
618 2631 702 2687 quam
727 2614 770 2670 ira
791 2614 823 2671 iu
848 2631 962 2686 percus·

100 2730 204 2779 sorem,
223 2714 297 2786 quod
317 2712 395 2768 idem
414 2730 451 2768 ex
472 2712 703 2769 interlectoribus
731 2712 830 2769 Clodii
859 2712 962 2778 Macri,
1054 2761 1055 2786 ,

101 2817 235 2869 cruentas
256 2809 359 2882 begali
372 2810 512 2883 sanguine
528 2828 628 2867 manus
649 2811 685 2866 ad
699 2812 821 2867 caedem
837 2811 962 2867 Procon-

101 2911 171 2966 sulis
186 2910 338 2965 retulisset.
382 2910 483 2966 Annio
503 2910 609 2965 deinde
629 2909 726 2964 edicto
740 2907 964 2983 Carthaginien·

103 3007 179 3064 sibus
200 3007 358 3078 increpitis,
378 3025 415 3062 ne
439 3007 525 3064 solita
546 3007 661 3082 quidem
682 3005 779 3063 munia
800 3010 964 3080 usurpabat,

103 3107 217 3162 clausus
231 3104 306 3160 intra
319 3105 445 3171 domum,
460 3124 497 3162 ue
510 3122 566 3179 qua
580 3110 673 3162 motus
695 3106 766 3162 novi
789 3122 893 3162 caussa
914 3109 965 3164 vel

51 3191 174 3261 ⁵0lorre
195 3201 323 3258 oriretur.
366 3202 434 3268 Sed,
456 3203 505 3258 ubi
533 3203 624 3260 Festo
653 3203 852 3260 consternatio
872 3205 966 3280 vulgi,

133 3371 284 3418 consternatio
293 3369 366 3428 ungi]
384 3370 406 3415 h.
418 3385 438 3416 e.
449 3386 565 3419 concrrrsos
580 3373 602 3420 iu
616 3376 686 3422 torum
697 3390 724 3422 ex
739 3375 846 3424 instinctu
855 3383 879 3424 et
889 3379 968 3428 fraude

103 3429 252 3486 centurionis,
271 3428 368 3474 clamore
391 3429 540 3488 praesentiam
564 3432 650 3481 Pisonis
671 3437 848 3497 exposcentium,
867 3439 969 3488 omuibru
