2100 3816
82 185 204 235 roo.
291 184 362 231 oo.
388 185 462 234 rvr.
516 169 788 238 osori-14.
884 163 952 239 rm

80 345 244 408 censuerat,
265 339 356 398 ‘ideo
376 338 495 398 lunium
514 355 646 398 mensem
664 343 954 420 transmissumque

82 443 158 498 ‘doe
171 442 231 498 ism
257 439 413 514 Torquati,
435 441 474 496 ob
498 441 611 497 seelera
626 440 781 508 interfecti,
795 443 953 502 infaustum

80 545 209 598 ‘nomen
224 539 343 598 lonium
358 536 517 596 iecissent?
558 538 620 597 'l'ot
633 539 810 600 laoinorlbus
834 543 951 604 medum
966 538 1005 598 13

83 655 190 698 annom
200 639 292 698 etiem
307 639 361 695 Dii
373 637 591 711 tempestatibus
603 645 632 696 et
647 640 753 698 morbis
760 640 951 715 insignivere.

81 738 208 796 Vsotsta
235 737 403 810 comporto
431 737 547 807 turbine
580 743 743 807 ventomm,
778 739 828 814 qui
854 739 951 811 villas,

78 840 201 905 musta,
225 839 324 911 turgeo
353 836 460 909 passim
482 836 607 894 disiaoit.
639 837 814 912 pertulitque
841 839 952 898 violen-

83 935 152 994 tiam
172 939 209 994 ad
221 937 326 994 vieina
340 937 422 992 urbi:
448 937 546 1011 inqua
566 953 653 994 omne
674 936 838 994 mortalium
859 954 950 1011 genus

84 1035 324 1110 viapestileotiee
334 1037 572 1108 depopulabatur,
586 1037 666 1092 nulla
677 1035 754 1094 ooeli
767 1036 951 1109 intemperie,

84 1153 153 1209 qnae
166 1140 336 1194 oecurreret
355 1135 458 1192 oeulis.
500 1135 561 1192 Sed
574 1135 675 1191 domus
699 1135 864 1207 corporibus
881 1151 950 1193 exa·

79 1235 172 1302 nimir,
195 1235 306 1292 itinere
332 1233 491 1299 funeribus,
516 1235 744 1306 complebuntur.
764 1251 822 1292 oon
849 1249 948 1302 reatu,

83 1347 118 1390 an
131 1341 212 1391 artos
226 1333 369 1407 perioolo-
384 1348 486 1390 veoua.
500 1332 621 1388 servitia
643 1331 762 1404 perinde
776 1339 809 1389 et
820 1332 949 1406 ingenus

83 1434 180 1505 plebes
194 1432 304 1505 raptim
327 1431 485 1504 exstingui,
507 1433 583 1488 inter
609 1432 765 1503 coniugam
779 1435 809 1486 et
832 1429 948 1488 liberto·

81 1547 139 1588 rum
152 1533 307 1598 lomeota3
324 1529 383 1604 qni,
397 1531 466 1588 dum
491 1530 634 1594 adsident,
647 1531 716 1586 dom
730 1527 848 1594 deflent,
858 1545 947 1600 saepe

78 1630 176 1688 eodem
198 1647 274 1704 rogo
284 1631 495 1686 cremabantur.
554 1627 694 1702 Equilum
714 1625 947 1700 Senetommque

81 1727 221 1794 interitus,
247 1727 381 1802 quanvis
406 1727 571 1800 promisoui,
590 1725 685 1784 minus
707 1723 819 1782 debiles
840 1730 945 1794 erant;

78 1837 221 1901 umquem
241 1826 391 1883 eommooi
422 1826 597 1882 mortalitate
620 1823 776 1882 soevitiam
800 1823 946 1896 Priooipis

83 1925 297 1996 praevenirent.
351 1925 463 1982 Eadem
483 1941 574 1982 anno.
589 1925 720 1980 deleotus
740 1939 792 1996 per
816 1923 945 1996 Gelliam

80 2021 302 2081 Narbonensem
319 2023 505 2096 Airieomque
515 2028 547 2079 et
569 2023 670 2079 Asiam
684 2021 776 2080 babiti
789 2027 865 2090 sunt,
880 2039 945 2096 sop-

82 2122 192 2193 pleodis
221 2121 338 2195 lllyrioi
369 2121 539 2194 legionibus,
572 2137 611 2178 ex
641 2119 743 2194 quibus
770 2126 867 2178 astate
894 2124 945 2178 aut

82 2221 251 2278 valetudine
278 2220 346 2276 lessi
374 2225 561 2277 sacramento
584 2221 780 2276 solvebantur.
821 2219 945 2277 Oladem

81 2315 306 2392 Lugdunensem
329 2318 500 2390 quadragies
512 2319 647 2375 sestertio
672 2319 781 2374 solelus
795 2322 839 2373 est
863 2316 946 2374 Prio-

80 2433 156 2489 oeps,
185 2417 354 2474 otmaro
378 2417 443 2473 urbi
466 2421 656 2489 reponerent:
678 2431 763 2488 quem
790 2415 945 2486 pecuniam

79 2513 290 2588 Lugdunenses
317 2520 384 2571 ente
410 2516 596 2581 obtulerent,
610 2512 731 2572 turbidis
752 2513 878 2585 ensibus.
907 2513 943 2572 (i.
958 2509 997 2570 lt

82 2613 235 2680 Suetonio,
248 2615 284 2670 L.
300 2613 444 2670 Telesino
457 2629 536 2670 coes.
561 2612 712 2671 Antistius
725 2612 872 2680 Suionas,
887 2612 945 2672 iao·

78 2710 168 2770 titolis
182 2711 215 2770 io
231 2711 381 2768 Neronem
407 2711 582 2768 carminibus
606 2709 757 2784 probantis,
782 2711 897 2779 exsilio,
911 2717 943 2770 ut

73 2808 144 2876 disi,
159 2811 310 2875 multatus,
322 2815 481 2884 postquem,
495 2809 527 2866 id
547 2809 665 2867 bonoria
685 2810 841 2878 indieibus,
869 2816 941 2870 tam·

74 2925 129 2980 que
152 2912 318 2980 promptum
347 2909 384 2964 ad
416 2909 523 2965 caedes
548 2907 724 2980 Priooipem,
749 2909 874 2982 aeeepit,
897 2909 941 2969 io·

77 3007 156 3081 quies
170 3006 281 3072 animo,
295 3011 325 3062 et
338 3007 526 3064 oooesioonm
540 3007 615 3065 band
623 3006 728 3080 segnis,
743 3007 941 3077 Pammenem,

77 3104 208 3162 eiusdem
236 3105 295 3162 loei
314 3107 446 3162 exsulem
470 3109 500 3161 et
525 3103 737 3163 cmldsoorum
765 3111 826 3163 erle
853 3106 941 3164 lamo·

78 3219 150 3271 rom,
163 3221 257 3278 eoque
270 3205 424 3260 multorum
436 3203 573 3262 amicitiis
586 3203 737 3273 innexum,
749 3204 939 3264 similitudine

52 3347 79 3368 ’“
110 3374 299 3438 rememoro]
331 3376 507 3436 neronom
515 3378 623 3427 suetae.
