2158 3820
83 135 131 206 26
396 160 582 210 annuarum
806 145 840 214 a,
852 163 882 214 v.
898 165 958 216 ors.

81 311 277 372 mediosinter
289 314 386 372 hostes
410 315 587 374 Londinium
602 315 739 390 perrexit,
753 321 956 391 cognomento

80 413 197 488 quidem
211 413 345 470 coloniae
360 431 419 471 non
433 414 557 490 insigne,
572 417 622 472 sed
638 417 722 489 copia
739 417 954 490 negotiatorum

80 518 111 570 el
135 519 351 572 commeatuum
375 515 502 571 maxime
522 517 646 572 celebre.
667 515 709 572 ibi
732 515 891 589 ambiguus,
913 502 958 575 an

80 612 164 670 illam
179 613 279 670 sedem
296 614 373 669 bello
392 612 542 686 deligeret,
556 615 768 688 circumspecta
790 614 958 689 infrequen-

7 697 14 708 ’
78 711 119 768 lia
140 711 249 779 militis,
267 712 394 786 satisque
417 713 530 786 magnis
552 713 735 772 documentis
756 711 954 772 temeritatem
980 724 985 729 “

74 808 180 870 Petilli
204 812 371 878 coercitum,
399 813 484 870 unius
510 813 610 886 oppidi
637 815 744 870 damno
757 829 873 870 servare
888 812 953 870 uui·

79 927 164 967 versa
179 911 288 968 statuit.
330 911 434 986 Neque
450 912 518 970 lietu
540 919 571 968 el
589 912 717 969 lacrimis
731 910 871 969 auxilium
885 913 951 969 eius

82 1009 228 1066 orantium
242 1009 334 1066 flexus
348 1015 401 1071 est,
413 1005 481 1084 quin
496 1011 577 1068 duret
600 1009 786 1084 profectionis
810 1010 926 1084 signum
940 1029 949 1068 s

78 1111 109 1164 et
122 1109 296 1164 comitantes
309 1108 341 1166 iu
356 1117 466 1182 partem
487 1109 612 1184 agminis
624 1115 786 1182 acceperat.
830 1110 863 1166 Si
877 1123 950 1184 quos

77 1205 195 1264 inbellis
209 1191 306 1274 aeuus,
320 1213 369 1265 aul
391 1207 467 1266 sessa
481 1215 572 1275 aetas,
588 1210 635 1265 vel
657 1208 716 1265 loci
729 1209 854 1264 dulcedo
873 1207 950 1264 adti-

77 1310 189 1371 nueral‚
216 1307 254 1362 ab
277 1307 360 1363 hosta
380 1307 510 1380 oppressi
523 1312 599 1364 sunt.
641 1305 753 1365 Eadem
767 1308 867 1364 clades
886 1321 950 1364 mu·

77 1403 190 1477 uioipio
203 1403 375 1462 Verulamio
388 1406 461 1475 init3
476 1406 542 1480 quie
555 1405 677 1472 barbari,
691 1407 805 1463 omissis
819 1405 950 1464 castellis

77 1503 287 1578 praesidiisque
319 1504 494 1572 militarium,
516 1506 591 1579 quod
613 1505 788 1562 uberrimum
810 1505 950 1577 spolianti

77 1606 108 1659 el
133 1601 356 1660 defendentibus
380 1603 514 1671 intutum,
542 1602 612 1660 laeli
639 1606 745 1677 praeda
771 1605 801 1660 'et
825 1604 949 1662 aliorum

77 1717 192 1775 segnes,
207 1703 355 1774 petebant·
401 1704 448 1760 Ad
473 1701 658 1777 septuaginta
680 1702 771 1760 millia
785 1702 895 1760 civium
918 1709 950 1764 et

76 1801 229 1867 sociorum,
244 1801 280 1856 iis
290 1817 364 1874 quae
378 1799 538 1858 memoravi
553 1800 634 1872 loeis,
647 1799 790 1859 cecidisse
804 1803 948 1861 constitit.

77 1917 171 1976 neque
184 1899 264 1956 euim
273 1915 387 1973 cupere,
401 1907 449 1957 aut
461 1902 637 1964 venundare,
653 1899 769 1957 aliudve
783 1901 860 1974 quod
875 1901 948 1960 belli

77 1997 293 2065 commercium,
316 2000 368 2055 sed
397 2000 514 2066 caedes,
548 1999 687 2072 patibula,
720 1999 813 2074 ignes,
835 2015 949 2084 cruces,

77 2103 223 2172 tamquam
235 2097 373 2154 reddituri
393 2097 577 2172 supplicium,
592 2113 627 2156 ac
652 2103 803 2172 praerepta
827 2097 947 2157 interim

24 2211 68 2271 34
78 2197 198 2262 ultione,
229 2195 415 2253 festinabant.
457 2195 519 2252 lam
555 2196 696 2254 Suetonio
729 2196 948 2270 quartadecima

76 2395 184 2462 iliares,
211 2395 315 2452 decem
338 2393 427 2451 lerme
449 2393 542 2450 millia
566 2397 739 2450 armatorum
752 2401 835 2450 eraut
850 2413 858 2450 z
876 2397 947 2453 cum

76 2495 212 2552 omittere
233 2491 451 2550 cunctationem
466 2497 496 2548 et
518 2491 658 2566 congredi
680 2491 745 2550 acie
758 2501 847 2564 paral.
869 2493 944 2552 deli·

76 2593 176 2668 gitque
188 2594 282 2648 locum
296 2591 364 2648 artis
377 2589 507 2648 lancibus
521 2596 551 2646 et
574 2607 592 2646 a
606 2595 688 2664 tergo
707 2590 783 2648 silva
796 2593 946 2663 clausum3

75 2690 149 2749 ostis
161 2690 290 2764 cognito,
304 2689 377 2748 nihil
392 2688 527 2756 hostium,
538 2687 595 2746 uisi
605 2687 754 2758 in'lroute,
768 2694 799 2746 el
811 2695 944 2764 apertam

105 2865 257 2925 leudisium]
289 2861 560 2922 dissentaneum.

105 2945 247 2993 leudisium
257 2943 317 3002 copia
326 2942 494 3004 negotiatorum]
535 2941 610 2990 Etiam
620 2941 695 2989 laodic.
705 2941 874 3004 eoquenonrine
882 2941 944 3004 prin-

74 3019 129 3067 ceps
139 3003 268 3052 Britanniae
277 3001 335 3049 trabs.

105 3083 283 3144 commeatuum]
315 3079 787 3142 Neuiumhucutquehinccommsuntium.
818 3080 880 3128 llus.

108 3163 238 3212 Verulamio
279 3162 340 3208 [ooo
361 3161 434 3208 adhuc
457 3173 538 3206 nomen
564 3157 678 3212 Versum,
701 3173 771 3220 prope
793 3159 899 3220 oppidum
917 3156 943 3206 S.

76 3225 170 3278 Alium,
181 3222 202 3269 in
239 3221 323 3280 salford
333 3218 446 3266 comitatu.
479 3218 513 3265 lbi
525 3217 620 3279 plurima
630 3218 702 3264 adhuc
713 3219 813 3264 visuntur
821 3217 945 3278 antiquita·

76 3285 106 3332 tis
114 3285 230 3330 Romanae
240 3287 399 3327 monumenta:
422 3282 453 3325 at
469 3277 519 3338 plus
531 3275 618 3335 gloriae
627 3277 712 3334 attulit,
722 3291 846 3338 nomenque
855 3276 947 3322 immor·

76 3343 125 3390 lale
140 3340 192 3388 iecit
207 3339 242 3388 uir
256 3351 363 3398 mmmus,
381 3337 442 3384 omni
458 3349 516 3384 aeuo
534 3335 697 3396 memorandus,
713 3335 844 3384 Franciseus
858 3334 941 3384 Baoon.

57 3417 61 3424 ’
78 3401 142 3450 Brut
500 3427 503 3430 ·
