2114 3830
72 145 144 214 350
377 164 630 220 nssnomnnvu
795 173 824 219 ι.
842 169 873 220 ν.
889 174 946 220 une

68 319 100 378 dl
125 321 214 379 verbu
236 321 436 396 conciperent,
460 319 630 400 Vespueiml
662 339 768 380 nomen
790 324 943 382 haesitou«

69 423 123 486 tes,
143 427 191 478 eut
206 421 266 478 levi
287 437 429 479 murmure
453 427 483 479 et
503 423 668 495 plerumque
695 408 827 490 silentio,
847 429 941 479 trous·

16 513 58 576 32
69 519 231 576 mittebant.
271 520 382 578 Lectue
408 519 515 577 deiude
542 537 594 592 pro
619 505 765 576 concione
792 520 939 592 epistolae

69 617 195 676 Antonii
208 618 245 674 etl
260 617 397 684 Civilem,
417 617 598 691 suspiciones
620 617 744 674 militum
766 607 942 686 inritnvere,

67 719 213 790 tumquem
227 717 263 773 nd
276 717 387 773 socium
403 717 527 788 purtium
541 717 675 788 scriptae,
690 717 771 772 etde
794 717 940 773 German·

67 811 116 870 ico
136 815 267 872 exercitu
294 813 444 870 hostiliter.
487 813 562 870 Mox
585 814 691 870 edictis
715 813 884 872 Geldubam
904 815 938 871 in

67 917 162 968 cestre
177 911 295 979 nuntiis,
308 913 410 969 eculeus
424 912 504 968 dioto
517 912 669 986 lectoque:
690 916 721 968 et
745 912 851 970 missus
870 929 939 972 oum

68 1010 212 1067 mundetis
228 1009 385 1066 Montanus
399 1011 435 1066 etl
451 1010 588 1078 civilem,
604 1014 653 1066 ‘ut
673 1011 828 1066 absisteret
844 1013 937 1068 bellot
1046 1021 1047 1054 t

69 1114 164 1164 ‘neve
178 1107 298 1164 euterun
310 1107 397 1164 armis
411 1108 490 1163 lulsis
506 1109 628 1164 velaret.
671 1109 704 1164 Sl
718 1109 938 1180 Vespasianum
1046 1123 1047 1182 t

69 1205 188 1261 ‘iuvere
201 1206 352 1277 adgressus
366 1205 447 1272 loret,
461 1205 640 1262 satisfactum
654 1204 785 1277 coeptis?
828 1205 877 1263 Aul
901 1223 939 1262 eu

70 1303 177 1361 civille
205 1303 297 1376 primo
324 1303 450 1360 callide:
475 1309 549 1376 post,
580 1304 630 1360 ubi
659 1304 741 1360 videt
763 1304 939 1362 Montanum

70 1401 264 1476 preelemoem
288 1401 417 1474 ingentu,
438 1407 624 1475 punctumque
651 1403 682 1458 in
708 1419 755 1458 res
778 1419 881 1468 novus,
894 1419 938 1458 on

70 1519 117 1560 sus
132 1507 265 1575 uqueetu
287 1499 487 1574 periculisque,
513 1517 587 1574 quae
614 1517 669 1573 per
687 1500 813 1573 quinque
840 1505 871 1556 et
895 1499 939 1555 vi·

70 1600 146 1674 giuti
159 1617 250 1656 euuos
263 1599 295 1655 lu
322 1597 424 1654 contris
445 1597 586 1654 Romanis
614 1598 805 1665 exhausisset,
832 1598 941 1672 ‘Egre-

70 1695 189 1771 ‘gium,’
201 1697 303 1772 inquit,
316 1695 458 1768 ‘pretium
473 1695 578 1752 leborie
593 1695 701 1768 recepi,
714 1712 820 1754 necem
833 1695 940 1764 lmtris,

71 1801 121 1852 ‘et
137 1795 255 1852 vinculo
270 1812 345 1861 mee,
357 1801 387 1850 et
401 1794 587 1852 saevissimus
602 1786 688 1850 huius
713 1793 862 1850 exereitus
889 1811 941 1850 vo·

72 1899 151 1959 ‘ces,
181 1893 282 1966 quibus
310 1893 348 1948 ed
373 1891 547 1964 supplicium
575 1891 779 1964 petitus,*iure
807 1892 939 1965 gentium

72 1997 199 2064 ‘poenes
226 2007 355 2062 reposco.
384 2007 437 2047 vos
465 1995 560 2046 nutem
587 1988 722 2056 Treveri,
746 1995 938 2062 oeeteruequo

73 2089 281 2147 ‘servientium
294 2088 422 2156 animae,
445 2089 520 2162 quod
535 2087 692 2160 proemium
719 2085 804 2144 effusi
831 2088 939 2144 tuticus

74 2187 242 2261 ‘sauguinis
268 2186 455 2258 exspectetis,
479 2184 536 2242 nisi
562 2185 703 2258 ingratum
725 2185 871 2253 militium,
895 2187 940 2244 in·

74 2286 226 2343 ‘mortalis
259 2285 373 2350 tribute,
407 2285 513 2357 virgus,
546 2300 661 2340 secures
695 2288 725 2362 et
755 2284 939 2342 dominorum

75 2381 236 2459 ‘ingeniel
285 2383 330 2439 Eu
359 2399 414 2456 ogo
442 2381 608 2438 Praefectus
635 2380 719 2438 unius
745 2383 874 2438 cohortis
908 2390 939 2441 et

75 2481 303 2542 ‘Ounutnelutes
324 2479 497 2552 Batavique,
520 2479 626 2552 exigue
649 2477 812 2536 Galliarum
837 2481 941 2552 portio,

75 2588 172 2638 ‘vanu
199 2581 250 2637 ille
276 2584 432 2635 castrorum
459 2577 553 2649 sputis
576 2575 751 2644 excidimus,
778 2580 827 2634 vel
853 2583 940 2650 'septu

70 2679 169 2736 '‘lerro
190 2679 320 2749 tenueque
348 2675 509 2748 premimus.
530 2673 656 2747 (lenique
682 2691 766 2734 susus
790 2682 841 2732 uut
856 2677 942 2735 liher-

73 2783 84 2810 “
96 2783 139 2834 tes
153 2783 294 2850 sequetur,
314 2779 363 2830 nul
379 2773 450 2830 violi
477 2771 567 2828 iidem
593 2769 717 2828 erimus?
749 2761 810 2829 'Sic
833 2791 941 2834 uccen-

109 2949 181 2996 Verhu
200 2901 345 3006 concinuerit]
378 2947 422 3000 lte,
445 2949 471 2992 ut
485 2944 636 3048 praelientur
657 2943 734 3014 verus,
758 2946 938 3004 pmnunetsrenu

77 3008 177 3055 Verbum
196 3005 308 3068 proprium
330 3005 353 3050 in
371 3003 484 3050 iureiurau
501 3017 522 3049 o.
553 3003 620 3050 Vnde
638 3008 743 3060 conceptu
762 3005 834 3052 cerlis
853 3007 939 3054 tumre.

77 3068 163 3114 Eodem
174 3066 269 3111 lormuln
278 3077 357 3109 mone.
369 3065 404 3108 ll.
436 3061 497 3108 Em.

106 3144 167 3190 Nece
177 3147 267 3190 ceterum
276 3139 421 3196 oruniofutsls
435 3139 525 3198 uetaret]
556 3139 659 3186 herem
673 3145 723 3185 scut
738 3139 838 3197 hostilia,
855 3142 944 3192 hostilis

77 3202 168 3254 animus,
184 3206 208 3246 ut
218 3199 279 3243 alibi.
311 3199 389 3242 Senem
399 3203 440 3248 est,
457 3211 484 3241 ne
493 3197 567 3254 specie
582 3197 636 3243 belli
651 3211 692 3258 pro
702 3198 841 3258 Vespasiano
850 3203 944 3257 gerendi

76 3260 181 3306 hostilem
194 3258 299 3302 adversus
314 3255 426 3300 Romanos
440 3255 537 3300 ocimum
554 3263 630 3314 tegere
645 3263 770 3302 coneretur.
801 3257 860 3304 Em.
895 3260 945 3308 En-

77 3323 140 3364 urm
161 3321 297 3368 nosternon
314 3312 383 3360 semel
402 3312 434 3360 ite
453 3311 525 3358 sunit.
557 3313 611 3360 Vid.
628 3314 658 3363 u.
677 3318 696 3374 l,
712 3317 748 3364 tu.
764 3318 786 3374 ³,
800 3321 823 3364 h.
838 3323 862 3363 et
876 3317 945 3368 intre.-

78 3378 144 3420 ci‘l.
281 3405 288 3418 .
