2100 3834
82 145 154 210 304
373 157 624 208 arsnomanvn
804 159 832 206 s.
851 157 880 205 ν.
898 159 951 206 aaa.

80 313 330 372 ‘incolumitatem
352 313 475 370 Senatui
497 312 664 386 Populoque
684 310 771 368 Rom.
795 309 860 367 sine
885 329 953 368 san·

28 427 66 485 01
81 417 188 487 ‘guine
207 409 406 488 quaesissent?
447 411 502 470 His
516 429 551 468 ao
572 411 677 467 talibus
697 409 824 483 mitigati
849 409 951 466 animi.

81 514 148 570 Neo
162 513 253 570 multo
274 519 336 585 post
358 511 488 585 legiones
512 527 628 566 venere.
670 509 709 565 Et
733 513 841 564 terrore
862 509 952 565 tama·

80 629 136 688 que
156 612 235 670 euoti
250 609 406 675 exereitus,
432 609 614 666 Vitellianae
638 609 772 676 cobortes
799 609 954 676 nutabant,

81 713 162 769 nullo
176 711 207 767 in
227 711 334 768 bellum
357 709 539 774 adhortante,
565 706 661 764 multis
684 708 721 763 ad
737 706 950 774 transitionem,

81 810 129 884 qui
150 827 215 866 sues
248 807 393 866 eenturias
415 815 577 880 turmasque
605 807 727 873 tradere,
758 806 870 861 donum
890 791 954 862 rie-⁸

81 908 146 974 tori,
165 915 194 964 et
215 907 270 964 sibi
290 907 321 965 in
342 913 487 980 posterum
507 907 638 980 gratiam,
669 906 832 962 certabant.
894 905 951 961 l’er

81 1023 132 1063 eos
159 1005 308 1078 cognitum
338 1011 391 1072 est,
422 1006 642 1061 ‘interamnam
667 1003 808 1076 proximis
839 1003 951 1076 eampis

81 1105 243 1178 ‘praesidio
262 1105 534 1178 quadringentorum
561 1104 690 1177 equitum
718 1099 832 1160 teneri?
883 1101 953 1159 Mis·

81 1221 130 1260 sus
162 1204 312 1274 extemplo
331 1204 438 1266 Varus,
460 1219 527 1260 eum
553 1201 692 1273 expedita
719 1215 817 1267 manu,
845 1217 952 1273 pauens

82 1301 302 1374 repugnantium
344 1301 512 1358 interiecit:
548 1303 654 1373 plures,
688 1299 813 1356 abiectis
854 1299 951 1366 armis,

82 1399 200 1457 veniam
229 1400 377 1470 petivere3
398 1400 514 1473 quidam
534 1399 565 1455 in
584 1407 679 1455 castra
708 1399 812 1474 relugi,
844 1405 950 1455 ounetu

82 1497 234 1556 tormidine
268 1499 428 1570 inplebant,
461 1499 601 1572 augendo
626 1497 784 1554 rumoribus
814 1497 952 1553 virtutem

82 1599 238 1672 condasque
272 1596 404 1664 hostium,
432 1614 489 1670 quo
522 1595 620 1652 amissi
654 1595 791 1668 praesidii
823 1597 953 1652 dedecus
1044 1593 1045 1626 l

83 1696 218 1752 lenirent.
282 1696 347 1752 Neo
368 1696 426 1751 ulla
447 1696 522 1766 apud
550 1693 727 1751 Vitellianos
749 1693 853 1766 flagitii
881 1711 949 1767 poe·

83 1811 142 1850 ne:
174 1799 204 1849 et
230 1793 365 1865 praemiis
397 1793 576 1849 detentorum
612 1809 695 1850 versa
726 1793 808 1858 tides,
839 1810 876 1849 ao
910 1811 952 1848 re·

83 1889 190 1964 liquam
209 1890 349 1972 perfidiae
380 1897 536 1948 certamen.
565 1893 665 1948 erebra
697 1891 857 1964 transfugia
887 1890 953 1948 'Pri-

83 1987 222 2045 bunorum
250 1989 525 2063 centurionumque.
547 2007 614 2046 narn
634 1989 781 2063 gregarius
802 1991 889 2046 miles
910 1989 952 2046 in·

83 2087 216 2144 duruerat
237 2103 288 2159 pro
322 2087 465 2144 Vitellio:
500 2089 594 2144 donec
616 2089 731 2144 Priscus
765 2092 795 2144 et
841 2089 952 2161 Alphe-

84 2203 147 2252 nus,
174 2185 296 2242 desertis
316 2187 427 2251 eastris,
461 2189 497 2243 ad
523 2187 678 2244 Vitellium
712 2187 843 2261 regressi,
867 2189 954 2260 pudo·
1043 2197 1044 2248 l

32 2290 115 2348 62re
136 2284 305 2357 proditionis
325 2293 447 2341 eunotos
474 2288 671 2342 exsolverent.
713 2286 822 2342 lisdem
849 2286 953 2343 diebus

85 2383 193 2442 Fabius
208 2384 322 2440 Valens
343 2383 450 2440 Vrbini
464 2384 494 2440 in
519 2384 650 2440 custodia
674 2383 856 2440 interlinitur.
899 2385 954 2443 Ga·
1043 2409 1044 2472 p

83 2490 134 2555 put
159 2483 221 2538 eius
236 2482 407 2538 Vitellianis
420 2483 588 2539 cohortibus
602 2486 788 2546 ostentatum,
803 2501 842 2539 ne
867 2501 953 2560 quam

83 2582 158 2636 ultra
171 2597 252 2653 spem
276 2581 418 2638 foverent.
439 2599 515 2646 nam,
529 2581 711 2653 ‘pervasisse
725 2581 755 2637 in
777 2581 953 2638 Germanias

84 2677 271 2743 ‘Valentem
285 2685 315 2736 et
327 2685 439 2736 veteres
454 2679 515 2735 illie
530 2697 678 2752 novosque
692 2680 840 2736 exercitus
855 2677 951 2747 eiere,'

83 2777 251 2833 eredebant.
293 2777 366 2834 Visa
387 2779 479 2834 caede
500 2778 530 2834 in
553 2777 784 2850 desperationem
811 2779 898 2835 versi.
920 2783 951 2836 et

85 2873 245 2931 Flavianus
279 2876 435 2936 exereitus,
464 2875 582 2933 inmane
612 2885 750 2950 quantum
770 2878 870 2934 animo
890 2877 950 2933 exi·

84 2971 155 3028 tium
173 2973 317 3037 Valentis,
332 2979 361 3030 ut
386 2975 472 3030 tinem
498 2975 575 3040 belli,
599 2976 724 3046 aceepit.
767 2977 863 3032 Natus
885 2980 947 3032 erat

84 3069 198 3127 Valens
227 3071 387 3144 ,inagniae
413 3071 549 3145 Equestri
564 3073 709 3129 familiae:
731 3091 840 3145 procax
867 3073 950 3131 mori·

84 3167 145 3231 bus,
180 3187 271 3241 neque
304 3171 440 3225 absurdus
473 3170 600 3242 ingenio,
639 3172 744 3228 lamam
778 3173 949 3230 urbanitatis

84 3280 135 3333 per
154 3265 306 3321 lasciviam
326 3272 433 3336 petere.
475 3268 602 3324 Ludiero
614 3269 794 3329 iuvenalium
815 3274 869 3329 sub
890 3272 949 3328 Ne·
1042 3257 1043 3282 ¹

113 3433 232 3482 Absurdut
241 3435 340 3493 ingenie]
372 3434 408 3481 sie
418 3435 472 3483 sall.
484 3436 535 3483 Cat.
547 3440 584 3485 26.
