2100 3834
101 205 127 252 s.
144 203 225 252 cro.
311 203 382 250 ara.
408 204 458 252 111.
510 203 589 250 car.
614 181 784 253 2d.-28.
892 181 962 257 281

99 355 240 424 exercitu,
262 357 392 423 arduum,
413 361 452 424 et,
473 358 553 416 nullo
580 356 661 414 iuxta
684 357 821 424 subsidio,
849 371 966 430 auceps.

99 454 143 512 sin
165 455 341 514 Bedriacum
365 455 500 521 redirent,
520 437 717 514 intolerandus
740 463 798 514 tam
820 456 898 530 longi
923 455 968 512 iti·

99 553 175 610 oeris
204 557 294 619 labor,
327 551 357 611 et
391 554 514 612 victoria
542 555 583 616 ad¹
606 553 725 612 inritum
754 556 966 610 revolvebatur.

98 652 210 708 munire
234 649 352 710 castra?
371 653 400 709 id
421 671 543 728 quoque,
565 653 731 728 propinquis
754 652 891 718 hostibus,
914 651 967 708 ior·

97 751 280 817 midolosum,
310 769 346 808 ne
373 751 527 824 dispersor,
548 758 577 810 et
604 768 676 826 opus
710 750 864 808 molientes
892 750 968 808 subi·

97 853 125 906 ta
146 850 300 922 eruptione
325 852 482 908 turbarent.
503 836 576 924 quas
598 867 684 924 super
713 855 820 906 cuncta
842 850 968 906 terrebat

95 947 223 1022 ipsorum
239 948 333 1015 miles,
356 949 478 1020 periculi
491 967 576 1022 qnam
592 966 688 1006 morae
709 947 874 1022 patientior.
888 947 967 1021 quip·

95 1066 131 1118 pe
161 1047 287 1120 ingrata,
307 1064 380 1120 quae
401 1053 470 1114 tuta,
490 1065 528 1104 ex
558 1051 720 1104 temeritate
741 1064 829 1122 spes:
861 1045 967 1104 omnis·

96 1163 151 1220 que
166 1146 276 1202 caedes
290 1151 320 1201 et
344 1147 464 1204 vulnera
478 1151 508 1202 et
533 1146 649 1220 sanguis
676 1146 818 1204 aviditate
843 1146 966 1220 praedae

95 1245 301 1318 pensabuntur.
344 1244 410 1300 Huc
426 1243 581 1303 inclinavit
596 1245 753 1312 Antonius,
766 1243 896 1322 cingique
908 1242 965 1302 val
976 1230 1016 1294 27

94 1341 152 1400 lum
173 1357 278 1399 corone
305 1341 396 1398 iussit.
432 1341 524 1414 primo
553 1342 667 1416 sagittis
697 1335 832 1418 saxisque
852 1344 965 1402 eminus

94 1443 258 1507 certabant,
290 1440 403 1526 maiora,
419 1439 627 1498 Flavianorum
663 1442 802 1514 pernicie,
836 1441 867 1498 iu
895 1459 965 1516 quos

93 1543 154 1598 tela
179 1540 305 1612 desuper
328 1539 514 1596 librabuntur.
534 1555 603 1596 mox
624 1541 733 1596 vallum
755 1544 905 1612 portasque
927 1541 966 1595 le·

93 1637 232 1713 gionibus
246 1637 393 1703 adtribuit,
414 1645 445 1694 ut
467 1637 609 1696 discretus
624 1639 704 1694 labor
725 1637 812 1694 sortes
833 1636 966 1710 ignavos·

94 1760 150 1817 que
164 1741 368 1818 distingueret,
383 1746 469 1816 atque
483 1741 546 1814 ipsa
570 1740 760 1798 contentione
782 1739 896 1796 decoris
920 1755 967 1798 ac·

94 1843 300 1898 tenderentur.
342 1839 478 1898 Proxima
494 1838 683 1896 Bedriacensi
695 1838 759 1896 viae
774 1837 890 1896 tertiani
904 1855 967 1913 sep·

95 1939 257 2012 timanique
272 1955 435 2010 sumpsere:
456 1938 621 1995 dexteriora
641 1938 713 1996 valli
734 1945 840 1996 octava
854 1956 889 1996 ac
903 1955 966 2012 sep·

95 2037 166 2095 tima
182 2037 363 2095 Claudiana:
384 2035 638 2094 tertiadecimanos
652 2039 688 2094 ad
710 2038 881 2096 Brixianam
905 2055 966 2112 por·
1019 2032 1023 2040 '

95 2141 156 2194 tam
172 2136 288 2210 inpetus
303 2137 377 2194 tulit
420 2136 552 2194 Paullum
567 2136 635 2194 inde
651 2153 756 2206 morae,
770 2137 838 2192 dum
852 2153 868 2191 e
884 2152 967 2208 prox·

95 2233 163 2292 imis
198 2235 275 2310 agris
308 2235 431 2309 ligones,
464 2237 608 2300 dolabras,
636 2241 665 2292 et
699 2234 750 2292 alii
776 2233 876 2298 falces,
905 2248 967 2288 sca·

94 2335 196 2408 lasque
225 2339 415 2392 convectant.
438 2340 508 2401 tum,
528 2335 613 2392 elatis
634 2351 719 2406 super
745 2331 841 2403 capita
868 2329 969 2394 scutis,

94 2433 188 2490 densa
203 2432 348 2490 testudine
370 2434 541 2490 succedunt.
584 2434 733 2490 Romanae
758 2430 899 2502 utrimque
926 2443 967 2484 ar·

97 2535 159 2588 tas:
181 2533 309 2604 pondera
324 2549 459 2592 saxorum
475 2532 632 2591 Vitelliani
647 2533 844 2605 pmvotvunt3
865 2528 969 2586 disiec-

94 2635 153 2688 tam
169 2630 388 2706 fluitantemque
402 2631 575 2688 testudinem
591 2631 702 2688 lanceis
713 2629 869 2703 contisque
891 2643 967 2684 scru-

97 2735 213 2790 tantur:
244 2731 349 2798 donec,
379 2734 473 2788 soluta
502 2747 643 2804 compage
676 2735 832 2796 scutorum,
864 2744 967 2784 exsan·

97 2847 169 2904 guas
197 2834 247 2888 aul
275 2831 384 2886 laceros
414 2833 628 2902 prosternerent
651 2830 741 2886 multa
768 2843 835 2884 cum
861 2833 966 2900 strage.

99 2923 268 2986 incesserat
288 2928 445 3012 cunctatio,
467 2927 497 2984 ui
523 2929 621 2984 Duces
642 2927 718 2984 tesso
742 2927 837 2993 militi,
857 2934 887 2983 et
908 2911 1018 2982 vel-28

99 3033 130 3084 ut
150 3026 255 3082 inritas
276 3027 495 3084 exhortationes
517 3026 665 3093 abnuenti,
692 3026 866 3084 Cremonam
888 3043 968 3082 mou·

99 3127 248 3180 strassent.
289 3121 431 3178 Hormine
450 3123 486 3178 ad
507 3121 666 3196 ingenium,
692 3127 723 3178 ut
752 3122 890 3200 Messalla
913 3127 967 3178 tra·
994 3153 996 3156 ·

99 3209 210 3290 dit'an
224 3220 319 3294 potior
345 3227 446 3278 auctor
472 3220 509 3278 sit
532 3213 567 3277 G.
594 3220 715 3286 Plinius,
740 3221 788 3294 qui
805 3221 966 3276 Antonium

99 3321 224 3386 incusat,
245 3320 321 3378 haud
341 3320 427 3378 iacile
447 3320 657 3378 discreverim:
690 3318 755 3382 nisi,
777 3319 851 3390 quod
874 3336 967 3390 neque

103 3419 263 3486 Antonius,
296 3435 390 3493 neque
425 3420 559 3485 Hormus,
593 3433 610 3472 a
646 3416 722 3470 lama
756 3413 873 3483 viteque
902 3431 966 3480 aaa,
