2114 3830
117 210 152 260 s.
168 210 195 259 o.
209 215 248 262 rr.
339 213 467 263 ussa,
517 195 790 266 ossib-18.
915 201 989 270 419

115 368 127 400 ⁸
141 365 213 422 riam
227 365 384 426 Germanis
396 369 552 438 obstitisse,
561 356 649 441 dum,
663 371 777 430 omissis
792 373 868 442 tells,
882 375 989 447 praede

119 467 245 522 ‘manus
258 467 419 540 inpediunt.
460 470 511 528 ssd
525 473 631 528 cbstcla
645 489 713 529 mox
729 489 862 545 prospera
871 479 902 530 et
913 473 989 531 hosti

118 566 288 622 ‘contrarie
314 568 459 628 evenisse.
513 569 596 642 Quae
621 571 766 644 provideri
797 575 861 629 estu
896 573 988 630 Ducis

121 666 319 739 ‘oportuerit,·
349 669 483 740 provise:
517 685 636 742 campos
674 671 824 728 medentes
859 677 888 728 et
917 671 989 744 ipsis

121 769 266 838 ‘guaros3
287 767 406 838 paludes
419 766 549 823 hostibus
563 768 676 825 noxius.
717 769 902 827 Rbeuumoet
917 769 989 827 Ger·

120 863 259 922 ‘maniae
283 865 361 921 Deos
385 865 414 922 lo
435 867 592 938 adspectu:
613 883 732 941 quorum
757 867 875 924 numine
889 885 989 941 capes·

120 967 242 1029 ‘serent
266 981 401 1037 pugnam,
425 963 590 1039 coniugum,
615 971 775 1038 parentum,
800 966 909 1038 patriae
931 983 989 1022 me·

120 1067 247 1119 ‘mores
268 1062 350 1120 illum
364 1064 442 1122 diem
455 1068 504 1121 aul
519 1063 754 1137 gloriosissimum
769 1066 845 1124 inter
859 1064 989 1130 maiores,

120 1167 194 1219 ‘aut
209 1161 431 1234 ignominiosum
446 1164 521 1233 apud
546 1171 684 1235 posteros,
709 1161 788 1220 lore!
828 1164 890 1221 Vbi
917 1179 989 1220 souo

120 1277 266 1318 armorum
282 1261 471 1335 tripudiisque
485 1259 540 1336 (ila
562 1261 621 1318 illis
645 1259 719 1340 mos)
741 1264 898 1334 adprobato
922 1265 989 1318 sunt

120 1359 215 1426 dicte,
228 1359 305 1417 saxis
319 1359 528 1434 glandibusque
542 1365 572 1417 el
593 1361 699 1417 ceteris
727 1345 882 1418 missilibus
910 1377 988 1433 proe

119 1457 195 1517 lium
210 1457 368 1532 incipitur:
391 1475 483 1531 neque
499 1465 596 1516 nostro
621 1458 714 1516 milite
737 1461 871 1531 paludem
896 1459 989 1531 ingre·

121 1557 235 1624 diente,
262 1563 291 1613 et
333 1557 498 1623 Germanis,
525 1566 556 1614 ut
583 1557 734 1624 elicerent,
768 1555 987 1614 lacessentibus.

122 1655 305 1728 Absumptis,
321 1673 394 1729 quse
407 1656 559 1726 iaciuntur,
575 1661 605 1713 ot
619 1657 789 1713 ardescente
809 1673 913 1730 pugna,
928 1670 989 1729 pso·
1002 1661 1039 1718 18

119 1771 238 1813 cursum
260 1758 296 1812 nb
316 1756 400 1811 hoste
427 1755 569 1812 infestius.
599 1755 739 1812 inmensis
766 1754 931 1827 corporibus
959 1757 989 1810 et

118 1853 287 1929 praelongis
325 1853 415 1910 itastis
443 1854 605 1911 fluitantem
633 1855 836 1926 labantemque
866 1853 988 1910 militem

118 1952 235 2011 eminus
259 1947 423 2009 fodiebant:
458 1951 542 2008 simul
565 1969 582 2008 e
610 1955 694 2019 mole,
709 1971 793 2027 quarn
808 1954 942 2011 eductam
956 1953 988 2010 ln

118 2050 260 2111 Rhenum
274 2049 432 2117 retulimus,
459 2049 662 2108 Bructerorum
686 2067 795 2109 cuneus
821 2054 1006 2110 translavit.'

120 2153 237 2209 turbata
264 2149 305 2207 lbi
334 2167 386 2206 res.
412 2153 442 2204 et
469 2151 630 2222 pellebatur
656 2149 797 2208 sociarum
825 2152 987 2233 cohortium

120 2251 292 2316 celeseum
307 2249 437 2322 legiones
454 2264 579 2322 pugnarn
594 2248 753 2320 excipiunt,
780 2265 988 2324 suppressaque

121 2349 249 2408 hostium
277 2348 393 2415 larociu,
429 2348 568 2420 proelium
605 2353 750 2422 aequatur.
807 2347 888 2404 luter
914 2365 987 2422 quas

121 2447 240 2524 perfuga
256 2449 386 2504 Batavus
412 2445 483 2503 adiit
498 2447 654 2511 Cerialem,
670 2451 764 2520 ‘terga
779 2444 913 2502 bostium'
926 2461 988 2518 pro-

121 2547 252 2611 mittens,
267 2547 309 2602 ‘si
335 2553 467 2602 extremo
490 2545 602 2617 paludis
616 2561 703 2619 eques
718 2544 900 2601 mitteretur:
921 2543 987 2602 soli·

122 2647 211 2704 ‘dum
223 2645 283 2711 illa,
298 2650 327 2700 et
352 2643 514 2716 (ingennus,
525 2642 627 2717 quibus
651 2643 783 2699 custodia
807 2643 987 2710 obvenisset,

123 2751 240 2819 ‘parum
256 2741 400 2800 intentos!
441 2743 526 2798 Duae
553 2743 628 2804 alae,
649 2755 716 2798 cum
734 2741 851 2816 perluge
872 2741 986 2808 missae,

122 2844 241 2902 incauto
266 2841 341 2901 hosti
368 2839 643 2897 circumlrsndunlur.
681 2841 755 2915 quod
783 2839 833 2898 ubi
860 2843 986 2898 clamore
1041 2854 1056 2900 ·,

123 2941 284 3014 cognitum,
300 2941 456 3013 legionesa
471 2938 565 2996 lronte
578 2937 746 3006 incubuere,
771 2940 900 3015 pulsique
915 2939 985 2997 (ier-

122 3040 204 3100 meni
237 3037 370 3095 Rhenum
392 3037 458 3112 iuga
483 3039 629 3109 petebant.
671 3039 858 3096 Debellslbm
882 3055 918 3095 eo
938 3035 987 3095 dte

153 3175 257 3228 Quorum
266 3175 368 3235 numine]
386 3174 400 3220 i.
412 3189 432 3220 e.
444 3173 553 3244 auspiciis,
568 3174 652 3226 lurore,
667 3173 750 3221 auxilio
765 3173 875 3220 sublevati
884 3187 911 3218 ae
919 3171 985 3218 lreti:

102 3237 103 3240 ’
122 3239 149 3284 ut
159 3247 233 3294 saepe,
248 3235 305 3294 apud
324 3239 400 3294 poetas
417 3234 438 3278 in
454 3234 538 3294 prunis,
569 3233 626 3278 Mox
646 3233 715 3278 verbs
732 3233 793 3279 inter
811 3232 910 3286 molares,
924 3230 942 3276 si
957 3231 986 3276 sd

97 3333 102 3338 .
124 3293 200 3340 vivoru
210 3307 339 3346 resecentur,
354 3293 472 3362 perinepta
482 3292 532 3338 sint.
550 3305 601 3336 narn
611 3291 658 3337 dies
673 3293 775 3350 praesens
785 3291 895 3350 quomodo
904 3287 986 3346 glorio·

122 3367 159 3401 sus
175 3365 223 3397 esse
240 3351 299 3398 inter
317 3365 418 3406 oratores,
436 3349 552 3400 celebruni,
571 3349 657 3395 laudari
671 3365 685 3394 u
700 3347 818 3395 maioribus
834 3347 927 3408 potest?
942 3349 985 3395 Sed

101 3445 103 3456 .
123 3425 217 3459 acumen
234 3410 342 3471 quaesivit
361 3411 452 3456 Tacitus
468 3409 489 3455 iu
510 3409 626 3454 antithetis
644 3407 762 3466 gloriosiss.
779 3407 838 3453 inter
855 3406 947 3452 maiores
962 3411 986 3452 et

122 3469 263 3528 ignominios.
284 3469 345 3525 opud
365 3475 464 3526 posteros.
497 3472 576 3514 Sensus
596 3473 645 3512 est:
671 3467 712 3511 illo
730 3465 766 3510 dis
780 3473 820 3510 aut
837 3463 886 3526 plns
900 3465 986 3522 gloriae

123 3535 285 3583 consecuturos,
296 3541 360 3588 quarn
371 3530 464 3586 maiores
479 3527 574 3587 ipsorum
589 3531 655 3570 atrtea
669 3523 781 3570 consecuti
790 3523 841 3580 siut,
851 3530 890 3570 aut
900 3522 986 3570 lantum

122 3586 375 3648 ignominiasutsrism
384 3581 789 3648 postmtmalsdsipsiscsistltustusi
797 3582 849 3631 siut.
880 3579 940 3629 En.
