2100 3834
86 170 217 218 s.c.ro.
329 173 398 220 sm.
426 171 476 220 ur.
520 173 597 220 cae.
618 148 787 220 56.-58.
885 149 955 216 301

82 323 301 384 veradioluris.
347 328 476 384 Arcuere
498 343 548 383 eos
563 325 659 382 intimi
690 323 847 380 amicorum
867 321 961 379 Vilel-

85 425 131 492 lii,
154 425 198 481 ita
223 424 353 481 formatis
377 424 524 498 Principis
552 425 676 490 auribus,
700 428 730 480 ut
754 439 864 495 aspere,
886 439 960 495 quae

84 523 180 590 utilia,
216 539 274 579 nec
304 524 470 597 quidquam,
497 523 553 579 nisi
575 521 732 579 iucundum
761 527 791 578 et
814 523 957 577 laesurum

84 623 245 694 acciperet.
289 622 348 678 Sed
362 624 488 678 classem
512 622 710 678 Misenensem
724 617 850 696 (tantum
865 617 959 675 civili·
972 611 1011 672 57

83 722 136 777 bus
151 719 307 776 discordiis
321 721 413 776 eliam
433 720 611 793 singulorum
626 719 749 776 audacia
763 715 859 794 valet)
874 719 959 774 Clau·

84 819 150 876 dius
166 817 362 886 Faventinus,
387 819 537 884 Centurio,
561 837 612 892 per
635 818 826 893 ignominiam
848 834 865 872 a
890 817 960 874 ost-

85 921 122 976 ba
150 920 299 986 dimissus,
326 921 363 978 ad
392 920 589 976 defectionem
617 919 713 987 traxit,
743 919 818 976 lictis
845 918 958 990 Vespa-

84 1018 161 1076 siani
178 1019 312 1090 epistolis
327 1019 450 1091 pretium
478 1018 649 1091 proditionis
672 1024 832 1075 ostentans.
874 1018 957 1074 Prae·

84 1124 148 1174 eral
163 1117 255 1174 classi
270 1117 409 1174 Claudius
424 1117 611 1189 Apollinaris,
624 1135 715 1190 neque
731 1118 796 1174 lidel
811 1123 958 1183 constans,

84 1223 329 1290 nequestreouus
354 1217 385 1272 in
408 1216 535 1288 perfidia,
560 1221 591 1272 et
618 1216 742 1288 Apinius
768 1215 850 1284 Tiro,
874 1217 958 1274 Prae-

86 1319 152 1372 tura
180 1313 306 1380 functus,
333 1329 369 1371 sc
397 1321 457 1370 tunr
485 1315 557 1372 forte
587 1314 743 1371 Minturnis
772 1334 870 1390 ageos,
899 1319 958 1374 Du·

86 1431 156 1470 cem
178 1431 211 1468 se
234 1413 427 1469 defectoribus
448 1414 561 1469 obtulit.
582 1415 714 1484 aquibus
741 1415 898 1488 municipia
912 1433 958 1472 co·

82 1512 242 1585 loniaeque
257 1512 397 1582 inpulsae,
414 1513 569 1584 praecipuo
584 1513 808 1570 Puteolanorum
831 1513 859 1568 in
887 1515 960 1568 Ves·
1028 1545 1032 1556 ι

84 1612 239 1685 pasionum
267 1612 372 1678 studia,
395 1617 498 1668 contra
527 1617 629 1686 Capua
661 1611 785 1668 Vitellio
813 1611 879 1677 lida,
900 1627 959 1667 mu·

82 1710 246 1781 nicipatem
271 1711 495 1768 aemulationem
519 1713 602 1768 bellis
625 1711 762 1768 civilibus
788 1710 957 1767 miscebant.

83 1809 230 1866 Vitellius
246 1809 400 1866 Claudium
416 1811 560 1868 lulianum
574 1809 612 1884 (is
628 1827 718 1882 nuper
732 1813 854 1867 classem
872 1811 958 1866 blise-

80 1923 207 1966 nensem
236 1909 315 1964 molli
344 1909 466 1981 imperio
491 1907 620 1986 rexerat)
648 1911 861 1983 permulcendis
883 1910 956 1968 mili-

84 2011 150 2065 l‘um
166 2007 272 2062 animis
296 2007 414 2080 delegit.
435 2009 502 2064 data
517 2009 547 2064 in
562 2009 702 2067 auxilium
722 2013 831 2067 urbana
854 2013 956 2066 cohors

82 2113 116 2163 el
146 2106 335 2180 gladiatores,
357 2106 459 2181 qulbus
487 2108 617 2164 lulianus
637 2115 777 2182 praeerat.
819 2111 862 2166 Vt
888 2123 956 2166 con·

81 2209 145 2264 lata
161 2205 304 2278 utrimque
328 2211 432 2272 castra,
447 2207 522 2262 haud
548 2223 652 2281 magna
666 2208 856 2266 cunctatione
872 2209 956 2264 lulia-

84 2321 128 2361 no
142 2304 173 2359 in
190 2310 285 2375 partes
308 2303 485 2375 Vespasiani
510 2310 682 2380 trangresso,
704 2305 895 2362 'Patrocinam
910 2323 957 2361 oc-

85 2400 246 2475 cupavere,
273 2404 423 2460 moenibus
450 2405 561 2479 situque
590 2407 691 2479 magis,
718 2419 802 2479 quam
830 2405 956 2477 ipsorum

81 2501 217 2574 ingenio,
244 2507 345 2558 lutam.
388 2503 470 2573 Quae
499 2505 548 2559 ubi
575 2505 701 2566 Vitellio
722 2503 849 2576 cognita,
877 2511 956 2576 parte
968 2517 1010 2572 58

84 2600 239 2672 copiarum
270 2601 398 2656 Narniae
421 2619 488 2658 cum
510 2602 669 2659 Praefectis
684 2603 824 2660 Praetorii
848 2603 956 2672 relicta,

83 2699 121 2757 L.
138 2699 297 2754 Vitellium
313 2699 435 2766 fratrem,
450 2717 581 2756 cumaea
596 2703 762 2758 cohortibus
777 2709 804 2759 et
820 2705 957 2778 quingen-

85 2797 123 2853 tis
148 2797 308 2870 equitibus,
333 2797 479 2871 ingruenti
508 2817 558 2871 per
586 2801 776 2873 Campaniam
805 2805 882 2859 bello
909 2823 957 2877 op·
1014 2835 1019 2844 ·

85 2895 192 2969 posuit.
249 2897 316 2969 lpse
344 2913 430 2969 aeger
456 2898 555 2962 animi,
576 2897 678 2955 studiis
702 2901 824 2958 militum
850 2909 880 2959 el
899 2906 956 2960 cla-

87 2994 216 3054 moribus
244 2995 352 3065 populi‚
377 3011 456 3051 arma
484 2997 640 3067 praecentis,
668 2999 867 3058 refovebatur:
888 3003 956 3059 dum

89 3095 194 3166 vulgus
209 3091 356 3165 ignavum,
377 3099 406 3149 et
433 3095 503 3150 nihil
526 3099 599 3150 ultra
627 3100 715 3154 verba
740 3117 881 3167 ausurum,
906 3103 956 3158 fal·

88 3207 120 3248 sa
134 3191 235 3262 specie
261 3190 408 3247 exodium
428 3197 458 3248 et
484 3191 607 3266 lemarum
631 3197 766 3270 adpellat.
809 3197 954 3254 Hortanti-

89 3291 146 3346 bos
162 3291 272 3346 libertis
288 3288 368 3365 (nam
383 3291 540 3347 amicorum
556 3293 618 3350 eius
639 3303 746 3369 quanto
759 3295 821 3368 quis
842 3295 957 3362 clarior,

87 3387 183 3444 minus
215 3387 301 3461 lidus)
325 3387 418 3445 vocari
448 3388 539 3445 tridua
565 3392 655 3448 iubet.
697 3393 811 3449 Dentes
837 3392 957 3448 manino

124 3503 195 3542 von.
218 3504 251 3543 rs.
490 3484 559 3542 ab*
