2100 3834
95 159 163 208 ac.
180 167 216 211 n.
327 157 396 205 ura.
424 159 474 206 ιιι.
525 157 603 206 car.
630 139 748 207 ξυμ-8.
885 141 957 211 267

94 303 163 361 riam
177 317 208 367 et
223 311 295 368 Dux
316 311 444 370 Corbulo
457 319 487 370 et
514 331 665 387 prosperae
693 314 724 372 iu
751 315 890 374 Armenia
914 333 959 374 rer

94 407 273 466 addiderant.
319 409 532 475 ldem‚eecrrtie
546 411 622 487 opud
639 411 777 470 Neronem
791 413 960 482 nemoribus,
982 399 984 408 ¹

94 504 247 575 serebatur,
274 507 444 566 Corbulonis
458 509 571 566 uirtutes
602 509 775 568 criminatore.
805 513 890 578 unde,
917 513 961 570 in·

84 595 159 660 'lami
198 608 292 680 gralia
321 609 443 680 primurn
473 610 561 681 pilum
589 611 704 680 adepto,
725 613 801 666 laeta
823 613 858 666 ad
880 629 959 684 prae·

93 709 251 762 aenamale
275 713 364 777 parta,
390 725 457 764 mox
491 707 522 764 in
549 709 708 780 perniciem
734 717 856 766 vertere.
900 709 959 768 Sed

92 801 207 859 Primus
232 821 267 860 ac
295 805 401 870 Varus,
441 811 618 877 occupantes
638 807 800 880 'Aquileiae
829 809 959 880 proxima

92 915 234 992 quaeque,
249 908 279 958 et
301 902 444 975 Opitergii
459 911 488 960 et
511 905 606 964 Altini
621 905 704 962 laetis
732 906 837 962 animia
851 905 959 978 accipi·

93 1007 187 1056 antur.
211 1001 343 1057 relictum
373 1002 468 1058 Altini
484 1003 657 1074 praesidium
681 1005 819 1060 adversus
834 1006 958 1061 classem

92 1097 308 1164 Ravennatem,
328 1101 454 1156 nondum
475 1099 643 1158 delectione.
671 1103 733 1158 eius
760 1104 866 1160 aurlita.
888 1103 958 1160 inde

93 1197 250 1254 Patavium
265 1204 293 1253 et
319 1201 422 1256 Ateste
444 1199 571 1271 partibus
585 1199 751 1257 adiunxere.
774 1201 835 1258 illie
859 1201 957 1275 cogni·

92 1299 163 1360 tum,
185 1297 261 1352 ‘tris
284 1296 462 1354 Vitellianas
483 1297 617 1354 cobortes
639 1303 668 1354 et
695 1301 780 1365 alam,
800 1301 848 1356 eui
869 1301 958 1358 Sebo-

70 1394 221 1480 '‘nianae
248 1411 364 1460 nomen,
384 1396 421 1450 ad
457 1395 563 1452 Forum
581 1397 702 1462 Allieni,
724 1402 812 1468 ponte
846 1397 955 1464 iuncto,

89 1493 302 1550 ‘consedisse’
324 1495 432 1567 placuit
457 1496 574 1552 occasio
601 1495 761 1552 invadendi
775 1495 958 1550 incuriosoae

90 1611 157 1649 narn
172 1595 203 1650 id
218 1611 329 1666 qrrcque
345 1593 537 1650 nuntiabatur.
562 1596 626 1650 luce
643 1592 743 1664 prima,
759 1592 885 1648 inermos
900 1593 958 1662 ple·

87 1709 191 1764 rosque
217 1709 393 1764 oppressere.
437 1690 633 1756 Praedictum,
654 1697 716 1756 ‘ut‚
744 1690 844 1762 paucis
871 1691 980 1768 intor-⁸

88 1790 204 1854 ‘seclia
225 1795 338 1846 ceteros
364 1807 472 1862 pavore
501 1791 536 1846 ad
564 1790 730 1846 mutandam
757 1789 842 1846 fidem
870 1805 957 1864 coga-

85 1885 187 1944 ‘rent’
207 1895 237 1944 et
251 1889 339 1954 luere,
354 1889 402 1962 qui
417 1907 448 1944 se
475 1888 573 1945 statim
588 1887 738 1944 dederent.
775 1890 880 1961 plures,
909 1890 958 1946 ab·
1035 1901 1036 1910 ¹

92 1993 177 2059 rapto
204 1992 303 2060 ponte,
324 1986 444 2043 instanti
465 1986 542 2042 hosti
567 1986 644 2042 viam
658 1989 843 2046 abstulerunt.
886 1989 988 2054 vul-l

87 2093 157 2159 gata
180 2085 313 2149 victoria,
335 2090 398 2156 post
413 2083 555 2156 principia
569 2085 639 2141 belli
664 2087 823 2146 secundum
839 2085 957 2142 Flavia·

88 2203 151 2252 nos,
173 2185 249 2240 duae
274 2183 413 2256 legiones,
433 2183 555 2254 septima
580 2183 735 2250 Galbiana,
757 2183 957 2239 tertiadecima

88 2283 227 2348 Gemina,
261 2298 326 2337 cum
358 2281 457 2336 Vedio
494 2281 609 2354 Aquila,
644 2283 765 2352 Legato,
801 2279 956 2336 Patavium

87 2385 201 2439 alacres
215 2379 346 2436 veniunt.
367 2378 409 2435 ibi
429 2379 514 2449 pauci
536 2379 598 2436 dies
618 2380 654 2435 ad
679 2380 805 2452 requiem
833 2377 958 2448 sumpti:

88 2488 118 2537 et
153 2479 302 2536 Minucius
328 2479 432 2544 Iustus,
454 2477 621 2536 Praekctns
643 2483 800 2534 castrorum
832 2475 956 2548 legionis

87 2579 241 2650 septimae,
261 2576 329 2649 quia
343 2576 506 2641 adductius,
527 2593 612 2650 quam
626 2575 710 2632 civili
736 2575 823 2641 bello,
843 2574 956 2647 imperi-

88 2679 177 2741 tabat,
199 2677 360 2731 snbtractna
378 2675 502 2730 militurn
517 2675 587 2740 irae,
606 2675 642 2729 ad
663 2673 876 2746 Vespasianum
891 2674 969 2738 mie,

86 2793 133 2832 sna
145 2781 200 2830 est.
224 2773 397 2828 Desiderata
416 2773 466 2828 diu
481 2790 536 2840 ree,
546 2772 784 2844 interpretatione
799 2773 955 2846 gloriae,in

88 2875 181 2930 maius
206 2871 356 2943 accipitur,
388 2879 536 2944 postquam
557 2871 694 2927 ‘Galbae
722 2871 873 2945 imagines,
899 2876 955 2932 dis·

86 2971 209 3028 ‘cordio
223 2976 383 3040 temporum
395 2971 556 3036 subversas,
576 2968 606 3026 in
623 2971 764 3036 vomnibus
790 2973 955 3044 municipiis

87 3067 209 3128 ‘recoli'
229 3068 312 3124 iussit
335 3068 501 3124 Antonius:
523 3070 658 3124 decorum
673 3086 724 3142 pro
744 3085 848 3126 caussa
870 3079 956 3136 ratus,

88 3169 113 3226 si
128 3171 248 3240 polacere
263 3167 376 3224 Galbae
402 3167 584 3238 Principale·
609 3172 639 3222 et
665 3173 759 3240 partes
780 3167 956 3224 revirescere

88 3269 287 3326 crederentur.
329 3265 499 3336 Quaesitum
514 3265 592 3332 inde,
606 3281 674 3340 pauo
687 3263 763 3320 aedos
774 3261 844 3319 bello
857 3261 957 3336 legere-

87 3363 161 3424 tur?
182 3372 190 3398 ⁶
206 3365 326 3422 Verona
347 3362 448 3436 potior’
466 3362 543 3430 visa,
563 3369 570 3394 ‘
582 3351 746 3434 palantibus
758 3359 868 3413 circum
881 3367 987 3417 cam-a
