2100 3816
100 177 148 246 st
426 186 615 240 sassures
833 187 924 238 nv,
947 192 1013 239 sse.

99 348 336 426 spondeamus
360 340 642 426 mmmm
664 339 886 437 &artemis-r
907 351 1012 420 poru-

99 447 162 506 s'sse.
220 448 301 506 'l'om
335 447 441 502 iussam
473 461 598 518 poenam
627 441 724 500 subiit.
789 445 860 500 Nec
890 444 1011 502 ceteri

100 547 297 607 Centuriones
311 547 342 603 in
357 543 553 618 perpetiendis
576 542 730 616 suppliciis
744 543 1007 616 degeneravere.

102 647 145 707 At
161 665 218 704 non
235 647 332 704 Penio
353 644 429 702 llulo
450 659 502 717 par
526 642 650 708 unimus,
676 644 728 698 sed
751 643 1008 702 lamentationes

100 767 167 808 rum
191 751 280 807 ctiam
299 749 330 806 in
355 743 561 806 testimenium
584 746 720 804 contulit.
762 745 1006 818 Opperiebstur

103 849 193 918 Nero,
213 854 244 906 nt
259 847 526 922 Vestinusquoque
551 846 663 904 Consul
686 843 717 902 in
743 844 859 902 crimen
889 847 1006 922 tratre-

102 955 188 1016 retur,
203 948 365 1004 violentum
390 952 419 1002 et
441 945 586 1005 intensum
600 952 695 1002 ratus:
719 945 770 1000 sed
784 961 823 1000 ex
846 946 1006 1002 coniura-

101 1045 140 1104 tis
160 1046 283 1103 consilia
308 1061 374 1102 cum
399 1044 527 1102 Vestino
555 1061 612 1102 non
642 1041 828 1108 miscuerant,
851 1043 1011 1130 quidem,

103 1143 227 1202 vetustis
243 1145 273 1201 in
288 1160 355 1201 eum
369 1144 574 1210 simultatibus,
586 1145 691 1216 plures,
702 1142 770 1216 quia
786 1143 1004 1216 praeeipitem

103 1247 133 1301 et
148 1243 349 1300 insociabilem
363 1243 530 1300 credebant.
573 1243 711 1300 Celerum
738 1242 867 1300 Neronis
882 1245 1003 1302 ouium

103 1343 243 1400 sdversus
271 1341 429 1398 Vestinum
454 1357 492 1398 ex
518 1341 621 1398 intima
646 1342 802 1400 sodalitate
830 1350 1003 1416 coeperat,

103 1441 172 1498 uum
195 1440 242 1498 hic
267 1440 415 1512 ignasiam
441 1439 587 1513 Principis
602 1441 717 1514 penitus
741 1440 896 1514 cognitam
924 1444 1002 1502 des·

103 1540 186 1616 picit,
200 1541 250 1599 ille
265 1542 402 1598 lerociam
425 1540 513 1598 amici
528 1543 641 1608 metuit,
667 1559 754 1614 saepe
769 1539 884 1612 asperis
908 1543 1000 1602 lace-

104 1640 153 1699 tiis
180 1640 307 1708 inlnsns3
343 1657 426 1714 quae,
454 1641 502 1696 ubi
531 1642 652 1698 multum
686 1657 726 1696 ex
754 1657 827 1696 vero
852 1645 1000 1714 traxere,

103 1755 201 1797 aorem
215 1740 259 1796 sui
273 1739 442 1796 memoriam
454 1739 627 1814 relinquunt.
670 1740 848 1798 Accesserat
874 1758 998 1812 repens

104 1854 217 1902 caussa,
231 1839 306 1911 quod
321 1837 465 1894 Vestinus
486 1839 633 1896 Statiliam
649 1837 859 1926 ¹ltlessallinem
885 1843 999 1900 metri-

104 1935 202 1993 monio
216 1935 272 1992 sibi
284 1936 426 2000 iunxerat,
439 1938 514 1994 haud
527 1937 650 2002 nescius,
661 1937 738 1994 inter
749 1939 897 2004 adulteros
917 1942 995 2000 eius

52 2025 93 2084 09
104 2041 135 2091 et
147 2035 303 2092 Gaesarem
313 2052 386 2091 esse.
408 2036 510 2110 lgitur,
522 2053 579 2093 non
591 2035 723 2102 crimine,
736 2053 794 2092 uon
805 2037 996 2100 accusatore

103 2132 261 2201 existente,
282 2132 349 2208 quia
363 2133 492 2206 speciem
506 2134 611 2192 iudicis
625 2134 746 2192 induere
770 2151 831 2192 non
854 2142 996 2210 poterat,

103 2231 140 2289 sd
162 2229 222 2289 vim
246 2232 455 2290 dominationis
476 2249 644 2302 conversus,
667 2231 847 2292 Gerelannm
871 2235 994 2296 Tribus

103 2348 173 2391 nom
193 2347 260 2389 oum
280 2333 401 2389 cohorte
421 2331 545 2390 militum
574 2329 716 2390 inmittit:
739 2332 877 2408 iubetque
893 2351 993 2410 prae-

103 2429 195 2488 venire
221 2436 338 2488 conotus
366 2427 508 2497 Consulis,
536 2447 668 2506 compare
690 2429 764 2488 uelut
785 2447 881 2488 crem
907 2432 993 2508 ciere,

104 2528 255 2606 oppremere
279 2527 408 2586 &lemme
431 2527 613 2586 iuvenales:
632 2530 699 2604 quis
723 2530 865 2588 Vestinus
892 2531 991 2592 inmi-

104 2635 208 2686 nentes
235 2629 295 2684 loro
328 2629 415 2686 aedes
449 2629 611 2704 decoreque
645 2627 766 2686 servitia
786 2635 817 2686 et
841 2629 903 2704 pari
931 2649 988 2690 ee-

72 2801 78 2810 ·
104 2708 165 2783 tete
205 2727 340 2783 habebat.
406 2727 523 2784 (iuncta
549 2745 586 2786 eo
619 2727 668 2784 die
703 2728 803 2786 munia
837 2729 989 2792 Consulis

104 2825 277 2898 inpleverat,
315 2823 543 2900 conviviumque
579 2828 756 2896 celebrabat,
796 2827 869 2885 nilril
915 2848 986 2890 me-

104 2927 198 2992 tuens,
217 2941 255 2981 an
279 2923 488 2982 dissimulando
502 2930 598 3000 melu:
620 2943 687 2983 com
710 2926 833 3001 ingressi
857 2929 989 3000 milites,

103 3021 198 3082 securi
216 3039 279 3080 rum
304 3039 325 3082 e
350 3021 486 3094 Tritone,
512 3024 622 3084 dixere.
665 3027 729 3094 llic,
751 3026 824 3084 nihil
845 3029 988 3087 ‹lemore-

104 3132 159 3198 tus,
188 3129 328 3203 exsurgit.
359 3134 388 3186 et
412 3129 511 3186 omnia
531 3129 616 3187 simul
638 3135 844 3203 properantur:
866 3133 986 3190 claudi-

103 3231 150 3286 tur
162 3227 307 3296 cubiculo,
332 3233 445 3302 praesto
469 3235 513 3286 est
536 3229 675 3297 medicus,
695 3229 907 3288 abscinduntur
927 3249 984 3290 ve·

104 3346 171 3394 uae,
184 3326 288 3402 vigens
302 3327 397 3386 adhuc
418 3328 523 3384 balneo
543 3325 782 3397 internectitur
804 3347 878 3404 aqua
904 3349 984 3390 mer-

105 3432 193 3494 satur,
227 3427 308 3483 nulla
341 3425 421 3484 eslita
456 3442 545 3494 voce,
573 3444 631 3502 qus
656 3433 751 3488 semet
785 3428 985 3491 misereretur.
