2100 3834
96 171 173 240 272
385 191 652 240 arsnoaraavu
817 195 847 242 a.
862 193 894 243 v.
909 191 959 270 aaa.

97 345 154 405 lior
166 349 313 404 auctorem
332 363 364 403 re
393 349 487 420 petam
515 346 766 420 praesensimus
791 346 960 406 Oometium

98 444 225 504 emaum
248 445 428 503 Praefectum
441 446 496 502 ribi
510 446 647 509 destinat,
667 447 716 520 qui
737 464 856 518 propere.
876 451 961 504 arton·
1030 509 1031 512 Ἴ

95 543 194 600 currit.
213 543 331 609 Bassus,
347 545 487 602 honorata
499 545 641 608 custodia,
658 545 825 602 Liburnicis
840 547 963 602 navibus
1030 523 1031 600 i

99 640 239 700 Hadriam
267 651 428 715 perventur,
449 643 635 700 sPraeteoto
654 645 719 699 atne
742 644 866 700 Mennio
887 645 962 701 Ruti·
1030 623 1031 658 i

98 732 339 814 mvpmmidtirm
353 743 415 799 tttin
437 742 577 815 agitante.
597 743 734 798 vincitur.
777 744 837 799 Sed
852 745 964 800 exsotn·

96 843 129 896 -ts
142 840 240 896 stetim
261 839 387 907 sinonis.
412 842 579 897 interventu
597 842 709 907 Hormi,
731 841 867 898 caesaris
882 843 962 898 raper-

49 926 132 994 lssti.
153 937 178 994 is
204 955 315 1013 quoque
336 938 412 996 inter
426 939 525 995 Duoes
546 939 713 996 habebatur.
759 941 801 996 At
823 939 959 1006 Caenina,

97 1037 264 1094 detentione
281 1037 384 1094 etsssis
399 1039 526 1110 vargas,
545 1038 684 1110 primores
700 1037 909 1095 centurionum
928 1042 957 1094 et

97 1150 204 1205 pausos
225 1133 358 1197 miiitum,
382 1136 487 1192 ceteris
508 1153 558 1208 per
572 1136 694 1192 militine
723 1151 839 1192 munera
853 1137 957 1208 disper·

26 1281 28 1286 .
95 1231 146 1294 sis,
166 1232 321 1290 secretiore
341 1241 498 1290 eastrorum
513 1236 669 1301 adfectans,
692 1234 723 1290 in
742 1234 892 1307 principia
913 1251 959 1290 vu·
1031 1263 1032 1286 t

96 1337 154 1388 ost.
196 1331 242 1388 lbi
274 1332 467 1403 ‘Vespasiani
503 1333 638 1389 virtutem
675 1333 809 1406 viresque
830 1329 956 1406 partium’
1031 1315 1032 1338 ¹

97 1435 235 1491 ertuttit:
257 1433 463 1509 ‘transfugisse
487 1437 627 1490 ntassem:
655 1435 685 1491 in
710 1443 793 1492 arcto
819 1452 958 1492 commen-

97 1538 196 1591 ‘tumr
218 1536 354 1590 adversus
377 1534 490 1590 Gattias
514 1535 751 1607 Hispaniasque:
771 1535 889 1605 nitritin
918 1551 958 1590 ur·

98 1633 152 1688 ‘be
165 1631 253 1689 tidum
262 1630 279 1688 τ’
290 1637 376 1706 atque
389 1631 485 1687 omniu
498 1634 535 1688 de
549 1632 672 1688 Vitettio
685 1632 714 1688 in
729 1633 878 1717 deterinm
888 1633 959 1688 Mox

97 1727 316 1800 incipientibus,
336 1730 506 1803 quieunsoii
529 1731 658 1794 aderant,
685 1729 816 1794 eeteros,'
831 1749 861 1787 re
881 1747 959 1787 nova

97 1827 252 1892 adtonitos,
274 1828 303 1884 ia
326 1831 414 1884 verbs
430 1827 607 1900 Vespasiani
628 1829 726 1903 attigit.
747 1831 831 1885 simut
845 1829 961 1886 Vitettii

17 1923 19 1930 ’
97 1925 240 1998 imagines
270 1927 417 1998 dereptae,
450 1932 480 1982 et
507 1928 596 1990 missi,
616 1928 664 2000 qui
693 1927 822 1984 Antonio
849 1929 960 1984 nuntia·

96 2032 169 2082 rent.
192 2026 262 2091 Sed,
277 2024 516 2082 ubitotisoastris
529 2027 651 2082 intuma
667 2026 801 2098 proditio,
811 2043 960 2084 resurrens

97 2125 128 2184 in
144 2126 288 2198 principia
314 2127 406 2191 mites,
421 2127 627 2198 praescriptum
649 2127 830 2197 Vespasiani·
848 2143 962 2193 nomen,

96 2228 239 2300 proiectas
249 2224 365 2282 Vitettii
374 2224 482 2297 effigies
491 2227 634 2297 adspexit,
646 2234 759 2282 vastum
772 2225 959 2296 primositen·
1032 2287 1033 2312 ¹

29 2305 55 2350 ’Σ
97 2325 177 2392 tium,
190 2341 257 2382 mox
272 2330 379 2382 cuneta
401 2325 486 2382 simut
517 2329 688 2394 emmpunt:
718 2324 804 2380 ‘Huc
818 2324 961 2380 cecidisse
1032 2317 1033 2372 ἐ

96 2423 285 2482 ‘Germanioi
299 2423 445 2480 exercitus
468 2423 598 2496 gloriam,
625 2429 655 2479 ut
680 2423 742 2478 sine
757 2422 878 2494 proetio,
891 2423 956 2478 sine

82 2525 243 2586 ·‘vutnere‚
266 2523 379 2578 vinetus
405 2537 504 2577 munus
518 2528 547 2576 et
568 2527 653 2592 eapte
681 2521 827 2576 traderent
855 2517 959 2577 arma?
1032 2573 1033 2576 ,

96 2617 209 2696 ⁴(Quus
223 2620 301 2676 enim
313 2637 349 2676 ex
371 2621 488 2675 diverso
500 2619 628 2693 legiones
643 2616 654 2675 i
674 2636 779 2691 nempe
803 2618 908 2675 vietae.
930 2623 960 2676 et

96 2721 218 2772 ‘obesse
234 2717 350 2776 untoum
366 2718 525 2774 Othoniani
540 2717 686 2774 exereitus
700 2720 792 2782 robur,
814 2717 960 2788 primanos

96 2820 104 2847 ‘
119 2815 460 2889 quartadecimanosque:
479 2831 551 2890 quos
565 2820 672 2882 tamen,
687 2816 789 2872 iisrtem
804 2815 864 2872 ittis
882 2833 960 2872 oam-

96 2913 169 2986 ‘pis‚
196 2913 319 2969 tarderint
346 2911 571 2989 straverintque)
602 2920 634 2970 ut
661 2918 833 2970 armatorum
858 2915 959 2980 mittis,

95 3019 103 3046 ‘
119 3013 198 3068 vetut
210 3029 280 3083 grex
296 3011 452 3073 venetium,
473 3012 567 3068 exsuti
597 3014 727 3070 Antonio
739 3012 847 3068 donum
859 3014 961 3069 daren-

96 3116 171 3166 ‘tua
212 3110 288 3165 Ooto
308 3109 441 3164 nimirum
470 3109 599 3181 legiones
626 3111 710 3167 unius
734 3110 837 3167 otassis
861 3127 959 3168 neees-

95 3205 225 3260 ‘sionem
239 3205 308 3259 sore.
352 3205 501 3273 talliasse,
523 3209 552 3262 id
582 3209 731 3265 Caecinae
746 3209 860 3265 visum:
881 3215 958 3281 post·

95 3307 200 3356 “m
229 3304 337 3364 atomos.
381 3302 487 3366 hortos,
517 3321 597 3374 opes,
623 3307 751 3380 Principi
779 3308 961 3375 abstuieriut,

234 3397 364 3472 Principi
384 3399 487 3455 suferri
511 3401 643 3462 mititem.
675 3405 802 3480 integros
826 3406 959 3464 inomen·
