2090 3838
71 191 142 244 ae.
159 194 195 244 ro.
294 193 366 241 mn.
393 193 417 242 r.
468 192 546 240 esr.
572 171 741 242 'la-79.
870 171 941 244 179
1031 227 1032 234 1

72 349 171 406 tellina
183 346 303 423 quidem
319 347 417 406 vietor
437 346 611 406 intercessit.
653 347 713 408 Sed
727 347 806 408 Otho
819 347 938 408 Pontid-

73 453 155 504 estus
171 449 395 522 Auguralusque
408 446 557 504 honoratis
579 445 637 505 iam
651 448 767 506 senibus
791 451 938 507 eumulum

72 545 222 618 dignitatis
236 545 365 603 addidit:
386 551 417 603 el
446 549 596 608 reoeusab
609 546 716 606 exsilio
743 564 875 623 revereps
890 563 940 606 no·

74 643 149 702 biles
170 645 404 702 adolescentulos
427 645 516 702 avitis
537 662 572 704 ao
597 631 724 720 paternis
746 645 934 714 smerumtts,

74 741 264 812 insolatinsn,
278 745 410 802 reeoluit.
436 745 595 804 'Redditus
617 745 711 804 Cadio
741 745 823 812 Rulo,
850 743 940 804 Pedio

76 841 190 914 Blaeso,
207 842 322 900 Sevino
349 843 485 902 Pomtino
513 843 685 904 Senatorius
698 845 786 901 loeus.
808 851 941 916 repetun-

74 940 174 1000 darum
186 940 359 1000 eriminibus
372 945 425 999 suh
439 943 564 1001 Claudio
578 960 614 1001 ao
629 943 749 1002 Nerone
761 942 942 1001 oeoideranl.

77 1041 184 1113 plseuit
206 1039 436 1114 ignoscentibus,
457 1059 543 1098 verso
567 1040 694 1110 nomine,
713 1041 789 1116 quod
813 1040 940 1099 avaritia

76 1137 174 1208 luerat,
200 1139 294 1196 videri
323 1140 523 1198 maiestatem:
559 1140 641 1200 euius
668 1147 729 1198 tum
755 1141 824 1198 odio
850 1141 941 1200 eliam

77 1237 168 1304 bonae
184 1229 270 1311 leges
293 1239 434 1312 peribant.
476 1239 589 1297 Eadem
610 1239 763 1315 largitione
786 1225 941 1299 civitatum
954 1227 994 1291 78

78 1353 190 1412 qaoque
204 1353 241 1394 ae
267 1338 483 1410 provinciarum
506 1337 617 1396 animos
633 1340 792 1413 adgressus,
815 1339 943 1414 Hispali·

77 1436 194 1494 essibus
221 1440 251 1493 et
289 1437 518 1496 Emeritensibus
540 1435 713 1496 familiarum
749 1439 943 1504 adieetioues,

81 1533 263 1610 Lingonibus
286 1536 431 1596 universis
458 1535 611 1594 civitatem
637 1537 808 1606 Romanam,
829 1540 944 1610 provin·

79 1632 142 1690 niae
157 1633 299 1692 Baeticae
317 1633 481 1694 Maurorum
504 1635 643 1692 eivitatas
665 1636 743 1692 dono
756 1635 846 1692 dedit.
867 1652 945 1694 nors

80 1729 141 1787 iura
178 1733 395 1804 Cappadooiae,
427 1751 505 1792 nova
532 1733 662 1801 Altinae,
687 1734 816 1792 ostentui
843 1733 945 1808 magis,

81 1847 165 1904 quam
179 1847 322 1890 rnansura.
364 1834 538 1908 Internum,
559 1833 734 1891 necessitate
749 1833 945 1908 praesentium

81 1946 173 1988 rerum
187 1941 218 1989 et
231 1933 406 1990 instantibus
419 1934 495 1992 euris
517 1940 669 2001 exeusata,
682 1951 719 1991 ne
742 1940 802 1992 tum
827 1935 944 2010 quidem

80 2027 226 2090 inmemor
250 2049 389 2100 amorum,
421 2038 532 2090 statuas
559 2031 713 2106 Poppaeae
741 2051 792 2106 per
820 2035 947 2091 Senatus

82 2132 246 2188 eonsultum
260 2131 395 2203 reposuit.
437 2131 573 2190 Creditus
586 2138 630 2190 est
644 2133 733 2190 etiam
747 2133 785 2190 de
798 2135 947 2190 eelebren-

81 2227 119 2284 ds
140 2229 267 2286 Neronis
287 2230 424 2290 memoria
445 2230 614 2305 agitavisse,
633 2247 685 2304 spe
707 2233 827 2304 vulgum
847 2230 947 2288 adlini·

83 2327 159 2384 endi
182 2333 213 2384 et
232 2328 320 2392 luere,
340 2329 389 2404 qui
409 2327 550 2404 imagines
580 2329 705 2386 Neronis
737 2333 947 2402 proponerent:

85 2431 173 2499 atque
206 2427 295 2484 etiam
316 2427 426 2486 Othoni
450 2428 621 2503 quibusdam
639 2428 740 2486 diebus
772 2425 892 2500 populus
918 2430 949 2484 et

85 2525 180 2590 miles,
208 2530 353 2599 tamqnam
367 2527 550 2586 nobilitatem
578 2543 613 2584 ao
643 2528 733 2584 denus
760 2525 950 2593 adstruerent,

85 2621 250 2681 NERONI
272 2625 437 2684 OTHONl
460 2625 646 2683 adclamavit.
687 2623 806 2699 ipsein
833 2640 950 2695 suspen·

84 2739 120 2778 so
140 2724 244 2792 tenuit,
266 2710 495 2792 vetandi'nrelu,
516 2726 564 2780 vel
586 2722 784 2798 adgnoscendl
805 2719 922 2799 pudore.

128 2820 290 2880 Conversis
310 2824 345 2879 ad
368 2821 459 2881 oivile
485 2825 592 2882 bellum
606 2821 720 2887 animis,
744 2826 865 2879 externa
886 2821 1002 2886 sineltl

87 2936 157 2977 eura
172 2920 363 2996 habebantur,
401 2921 446 2978 Eo
472 2919 625 2979 audentius
640 2919 817 2987 Rhoxolani,
839 2921 951 2978 Serma-

87 3019 149 3078 tioa
179 3037 262 3096 gens,
285 3021 379 3094 priore
404 3021 500 3078 hieme
527 3020 621 3078 eaesis
642 3019 752 3076 duabus
776 3017 952 3086 cohortibus,

86 3136 261 3194 magnaepe
286 3121 321 3178 ad
348 3119 491 3178 Moesiam
517 3119 705 3192 inruperant:
726 3133 833 3174 novem
860 3117 953 3174 millia

87 3217 229 3294 equilum,
244 3217 383 3275 lerooiora
411 3235 546 3276 successu
574 3221 604 3274 ei
618 3217 741 3290 praedae
755 3215 845 3290 magis
868 3231 953 3290 quam

88 3334 204 3390 pugnae
226 3316 349 3374 intenta.
391 3316 483 3389 lgitur
513 3332 601 3389 vagos
622 3321 652 3372 et
681 3311 955 3384 incuriososltertie

89 3415 178 3491 legio,
193 3414 338 3472 adiunctis
363 3413 489 3480 auxiliis,
510 3417 630 3486 repente
656 3407 775 3466 invasit.
802 3407 878 3476 apud
899 3407 956 3464 tte
