2158 3820
29 219 53 290 6
357 239 542 290 nunninus
757 237 914 288 unsis.

28 397 90 452 tum
114 393 242 451 invitato
265 395 302 452 sd
326 396 426 466 epulas
440 398 553 462 erstut
576 392 753 450 nonultsndo
777 391 907 450 facinori

30 510 89 550 nox
113 494 305 550 adhiberetur.
348 493 426 550 Satis
447 493 588 558 constitit,
609 492 757 550 exstitisse
778 491 909 564 prodito·
1004 529 1006 532 -

31 609 101 655 rem,
129 599 160 652 st
186 593 387 665 Agrippinum.
414 592 520 650 auditis
548 591 672 655 insidiis,
703 607 741 648 an
769 591 907 648 erederet

32 687 206 764 ambiguam,
226 691 389 764 gestamine
407 693 501 748 sellae
523 690 611 748 Boius
636 696 814 761 perveniam.
855 689 907 746 lbi

32 791 261 848 blandimentum
289 789 455 846 sublevavit
469 797 597 848 motum:
618 790 742 844 comiter
762 791 914 858 exoeptm'

32 906 173 962 superque
198 890 292 960 ipsum
313 891 478 946 odnlocnln.
520 889 599 944 Nam
624 887 751 960 pluribus
765 885 907 942 sermoni-

33 988 96 1054 bus,
121 989 207 1046 modo
231 988 426 1044 familiaritate
451 987 575 1044 iuvenili
590 987 670 1042 Nero
689 991 719 1042 et
740 1003 832 1042 rursus
854 985 907 1041 ad·

33 1087 146 1152 duetus,
173 1088 253 1161 qussi
277 1087 353 1144 seria
380 1086 572 1152 oonsooinret,
599 1091 692 1142 trunto
725 1084 756 1142 in
785 1085 907 1158 longum

34 1185 184 1251 convictu,
209 1185 387 1260 prosequitur
417 1188 582 1250 abeuntem,
615 1185 722 1242 srotius
752 1181 844 1240 oeulis
873 1189 909 1240 et

33 1285 146 1359 pectori
160 1286 290 1352 haerens,
305 1286 369 1340 sive
391 1285 538 1357 explendo
558 1283 752 1348 simulatione,
766 1300 816 1338 seu
832 1281 909 1354 peri·

34 1389 115 1440 turae
143 1383 242 1440 matris
269 1400 416 1453 supremus
440 1383 613 1454 adspectus,
647 1381 780 1454 quamvis
811 1381 907 1438 ferum

4 1477 163 1546 isnimum
192 1484 343 1542 retinebat.
386 1485 512 1542 Noctem
534 1483 674 1540 sideribus
703 1483 852 1540 inlustrem
873 1487 909 1540 et

35 1583 152 1656 placido
171 1584 241 1640 mari
254 1585 391 1657 quietam,
401 1582 482 1656 qnasi
498 1583 734 1638 nonviuoeudum
748 1583 785 1638 ad
799 1584 909 1651 seelus,

36 1681 90 1739 Dii
107 1685 280 1754 praebuere.
321 1683 387 1738 Neo
409 1683 529 1740 multum
555 1687 616 1738 erat
641 1699 789 1755 progressa
810 1681 911 1750 navis,

36 1782 147 1838 dnobus
161 1799 177 1838 e
192 1799 310 1839 numero
325 1780 508 1838 familiarium
526 1779 717 1854 Agrippinam
741 1779 909 1836 comitanti·

35 1881 110 1936 bns:
131 1898 169 1937 ex
183 1880 247 1954 quis
269 1879 441 1952 Crepereius
466 1878 570 1936 Gallus
585 1879 660 1936 baud
692 1881 790 1952 proaul
805 1880 909 1951 guber·
939 1951 942 1954 ι

37 1980 151 2038 uneulis
168 1981 309 2046 adstabat,
336 1977 504 2067 Acerronia,
528 1996 613 2050 snper
637 1979 725 2051 pedes
747 1978 909 2037 cubitantis

37 2079 164 2148 reetiois,
175 2075 447 2155 poenitentimnjilii,
471 2083 497 2134 rt
520 2077 702 2154 responsam
724 2075 826 2134 matrab
836 2093 913 2152 gru·

38 2177 116 2244 tiam,
145 2195 195 2252 per
221 2177 357 2251 gaudium
385 2179 580 2237 memorabat:
612 2195 688 2244 oum,
716 2178 785 2235 dato
811 2178 907 2250 signo,

37 2295 120 2334 ruere
135 2282 244 2334 tentum
264 2275 331 2340 loei,
356 2277 447 2332 multo
469 2278 588 2348 plumbo
607 2295 716 2350 grave:
736 2294 909 2352 pressusque
951 2291 959 2304 ·

39 2375 211 2450 Crepereius
231 2380 261 2432 el
274 2374 373 2432 statim
392 2374 576 2434 exanimatus
595 2381 647 2432 est.
692 2376 854 2448 Agrippina
874 2381 908 2434 et
1004 2417 1006 2420 -
1063 2364 1075 2408 ἶ·

39 2475 203 2534 Acerronia
227 2473 424 2531 eminentibus
446 2473 516 2532 leoli
541 2473 756 2546 pettenhusen
770 2475 842 2532 forte
858 2492 909 2532 vu·

39 2573 198 2638 lidioribus,
222 2589 307 2646 quam
331 2577 363 2630 ut
384 2571 467 2630 oneri
487 2574 636 2640 oederent,
661 2579 808 2646 protentae
829 2579 908 2632 suot.
944 2623 948 2628 ,

40 2689 96 2730 neo
122 2670 272 2728 dissolutio
287 2669 399 2742 navigii
423 2671 604 2744 sequebatur,
627 2671 747 2728 turbatis
762 2671 909 2742 omnibus,

41 2775 79 2836 et,
94 2771 170 2844 quod
185 2769 313 2842 plerique
336 2768 440 2842 ignari,
454 2767 543 2826 etiem
557 2770 693 2828 oonsoios
707 2771 909 2844 inpediebnnt.

41 2869 146 2926 Visum
160 2867 268 2924 dehine
283 2867 448 2941 remigibus,
472 2873 578 2926 ‘unum
601 2867 632 2926 iu
657 2871 731 2926 latus
754 2869 910 2938 inolinnre,

42 2972 144 3041 ‘atque
170 2965 213 3022 ita
240 2983 347 3024 novem
378 2966 580 3040 submergere!
630 2968 689 3026 Sed
717 2987 809 3042 neque
836 2968 911 3042 ipsis

42 3070 190 3139 promptus
203 3063 234 3120 in
260 3082 320 3122 rem
344 3065 467 3124 subitam
493 3083 662 3135 sumemus,
681 3073 710 3126 et
725 3067 786 3134 slii,
806 3075 911 3128 oontrs

42 3165 179 3228 nitentes,
203 3165 309 3234 dedere
332 3164 499 3222 facultatem
521 3165 638 3222 lenioris
658 3166 689 3223 iu
705 3183 782 3222 mare
803 3165 909 3224 iaetus.

43 3263 153 3320 Verum
177 3260 339 3320 Acerronia
361 3262 528 3336 inprudens,
548 3264 626 3332 dum,
647 3269 696 3321 ‘se
712 3264 910 3340 Agrippinum

73 3437 106 3485 ut
113 3449 194 3486 rursus
203 3435 325 3496 oddudur}
353 3435 538 3494 transeverus,
549 3436 689 3498 compositus,
700 3437 780 3497 aroris
