2114 3830
20 175 21 184 ¹
111 185 184 258 atto
407 202 658 256 ureuoarnavrr
834 207 865 254 a.
881 203 912 253 v.
926 204 975 256 aus.

109 359 237 437 adgressi
257 363 343 419 sunt:
377 361 523 436 maiorque
547 379 612 434 pars
633 359 753 418 navium
774 361 915 433 depressa
928 361 976 416 ant

110 469 205 535 sepita.
245 461 286 520 Et
314 462 490 520 Nerviorum
514 463 741 528 multitudinem,
774 468 880 534 sponte
900 477 976 518 cour·

109 567 227 628 motam,
246 567 278 618 ul
308 577 361 635 pre
392 561 531 619 Romanis
553 564 660 618 bellum
689 567 867 634 capesseret,
887 559 974 616 iidem

110 659 301 719 (laniuelales
334 661 442 717 lallare.
501 656 650 718 Glaeaious
684 677 795 735 quoque
837 661 976 716 adsersus

109 758 232 832 equites,
253 759 417 816 Noveaium
440 775 457 815 u
481 759 597 818 Ceriale
612 761 791 832 praemissos,
812 758 972 814 seeundum

110 860 251 931 proelium
283 857 363 915 lacit.
394 873 467 932 quaa
500 859 623 924 medina,
647 860 699 916 aed
729 860 841 926 crebra,
860 859 972 924 damae,

58 957 215 1024 solamasu
237 955 387 1024 victoriae,
407 973 497 1029 nuper
510 961 620 1029 partae,
646 959 823 1013 lacerabant.
865 956 970 1013 iisdem

108 1055 211 1114 danus
234 1055 388 1112 Mucianus
402 1055 520 1112 Vitellii
534 1056 623 1112 filium
637 1055 763 1112 interfici
777 1055 876 1111 iubet:
895 1069 971 1110 muu-

109 1169 202 1210 surarn
228 1153 406 1210 discordiam
435 1155 606 1218 obtendens,
640 1153 672 1210 ni
691 1155 805 1210 semina
826 1153 896 1210 belli
914 1167 969 1208 rea·

110 1250 256 1309 tinxisset.
306 1251 411 1325 Neque
434 1252 595 1308 Antonium
616 1252 745 1308 Primum
764 1251 873 1308 adsciri
892 1252 965 1308 iuter

107 1351 229 1410 eomilas
259 1369 277 1409 a
309 1351 479 1410 Domitiano
510 1369 607 1424 pasena
628 1358 693 1409 eal:
723 1351 825 1409 lavore
845 1351 966 1409 militum

107 1451 222 1518 anxius,
254 1455 285 1508 et
313 1451 446 1524 superbia
475 1451 542 1519 viri,
561 1450 723 1525 aequalium
754 1469 879 1526 quoque,
897 1450 966 1506 adeo

107 1549 293 1623 superiorum,
307 1549 498 1608 intolerantia.
539 1549 690 1608 Proiectus
704 1552 740 1607 ad
755 1550 967 1622 Vespasianum

109 1649 265 1714 Antonius,
295 1653 327 1705 ut
356 1663 415 1706 uon
446 1665 497 1721 pso
527 1665 578 1722 epe
606 1667 658 1706 sua
678 1649 836 1723 excipitur,
863 1649 904 1705 ila
923 1665 970 1704 ne·
1040 1695 1041 1724 ,

107 1763 163 1821 que
177 1761 282 1804 averso
308 1747 494 1818 imperatorie
519 1748 625 1805 auimo.
668 1749 857 1806 Trahebatur
877 1749 906 1804 in
929 1745 968 1803 dl·

107 1861 210 1902 versa:
230 1845 300 1902 lnino
315 1844 424 1902 meritis
448 1847 579 1912 Antonii,
600 1846 681 1904 cuius
695 1849 783 1904 duoln
805 1847 968 1903 contentum

106 1943 283 2000 hauddubie
297 1945 404 2001 bellum
427 1949 498 2010 erat,
518 1944 587 2000 inde
603 1945 735 2002 illuriani
762 1945 913 2018 epistolis:
934 1943 969 1999 si·

104 2044 161 2098 mul
176 2039 277 2109 uetari,
297 2045 329 2098 nt
349 2041 501 2099 ‘inlautum
515 2043 720 2118 tumidumque’
738 2043 966 2108 insectabantur,

106 2139 251 2198 adiunctis
278 2139 380 2214 prioris
401 2140 482 2198 vitae
508 2141 688 2198 oriminibus.
721 2159 817 2215 neque
838 2141 901 2214 ipse
923 2141 970 2196 de·

104 2245 177 2308 erat,
196 2237 365 2314 adrogsulla
393 2253 499 2297 sonare
512 2241 649 2304 offensae,
670 2239 776 2298 uimine
797 2255 970 2298 commemo·
1039 2241 1040 2286 l

106 2339 213 2406 randis,
233 2356 309 2414 quae
321 2337 480 2396 meruisset.
503 2337 630 2405 ‘Ailou'
649 2344 680 2396 ut
695 2339 852 2405 ‘inbellem
868 2336 970 2396 (laeui-

106 2437 211 2509 ‘uam‚’
225 2444 256 2496 nt
276 2436 447 2511 ‘eaptivum
462 2453 497 2494 ue
513 2435 702 2505 dediticium?
721 2429 864 2509 increpat.
906 2437 967 2494 Vu-

105 2537 142 2595 de
164 2537 315 2612 paullatim
338 2537 433 2596 levior
456 2537 599 2612 viliorque
625 2537 735 2604 haberi,
766 2542 907 2596 manente
929 2543 968 2594 la·

53 2658 90 2715 31
105 2653 172 2694 meu
193 2635 365 2710 inspeciem
389 2635 528 2693 amicitia.
568 2635 625 2694 Per
644 2653 694 2694 eos
715 2653 840 2704 menaea,
865 2637 966 2711 quibus

104 2735 304 2808 Vespasianus
317 2735 516 2792 Alexandriae
530 2739 620 2792 alatos
634 2735 756 2792 aestivis
770 2735 884 2792 datibus
897 2735 969 2800 dlea,
1038 2757 1039 2816 p

105 2837 136 2890 el
148 2841 229 2891 certa
248 2833 334 2890 uraris
347 2833 557 2906 opperiebatur,
582 2835 672 2890 multa
699 2835 838 2890 miracala
862 2851 967 2894 evene·

104 2949 144 3000 re,
157 2930 220 3006 quis
233 2931 309 2988 coeli
330 2931 412 2990 lavor
425 2935 455 2990 el
479 2933 618 3007 quaedum
642 2931 673 2990 in
693 2929 908 3006 Vespasianum
924 2932 965 2990 iu·

103 3028 226 3088 elinalio
249 3029 409 3090 Nominum
436 3032 645 3088 ostenderetur.
693 3027 740 3088 Ex
761 3033 847 3106 plebe
873 3033 967 3091 Alex·

131 3199 207 3248 nsum
216 3199 336 3268 miraculo]
368 3201 425 3248 cum
440 3202 469 3246 de
485 3202 519 3248 luis
534 3203 669 3264 Vespasiani
685 3204 796 3252 miraculis
805 3205 876 3268 paulo
885 3205 970 3265 lougius

101 3257 129 3302 sit
141 3263 164 3302 ut
176 3257 211 3302 hie
226 3259 363 3311 disseramus,
379 3257 439 3303 tude
454 3259 640 3308 Dissertationern
657 3263 811 3312 Broteriauaur
822 3265 851 3311 ud
861 3263 935 3312 Notas
944 3273 968 3313 et

100 3314 281 3366 Emendatioues,
296 3313 475 3362 ‘Dedin'rucsslr's
487 3317 645 3374 Vespasium*
674 3323 850 3370 Consularium
857 3323 968 3372 Paduam

99 3371 218 3440 eruditum,
227 3369 305 3430 (Eoid.
318 3369 404 3440 Christ..
413 3386 449 3432 pp.
459 3376 582 3426 200-203.
591 3379 635 3428 ild.
646 3379 729 3430 Boalorr
738 3383 755 3441 r)
766 3384 805 3444 qui
814 3389 968 3444 argumentum

100 3439 180 3473 mamre
189 3441 229 3474 suo
238 3439 299 3472 ruore
309 3428 422 3474 tmetavrt.
