2090 3838
65 186 140 235 ac.
157 189 198 234 ro.
313 183 384 228 nin.
403 181 440 229 rr.
490 181 568 228 cna.
596 159 654 228 81.
673 159 731 228 82.
874 159 945 232 24⁷

66 357 124 398 nec
140 338 264 396 minore
278 336 376 396 animo
403 334 519 409 Regina
538 334 682 392 Berenice
698 340 792 407 partes
813 334 944 406 iuvabat,

70 440 183 498 dorens
195 443 297 494 aetate
311 437 467 508 lormaque,
481 439 511 492 et
535 433 600 492 seni
626 453 739 510 quoquc
764 435 948 507 Vespasiano

69 537 301 610 magnificentia
315 553 465 592 munerum
479 541 569 608 graia.
611 535 757 610 Quidquid
787 537 949 608 provincia·

70 655 135 694 rom
151 636 284 692 adluitur
308 635 390 700 mari,
414 636 486 692 Asia
500 642 585 709 atque
612 636 725 692 Achaia
748 644 843 700 tenus,
862 654 948 708 quan·

68 743 193 810 tumque
219 735 360 792 introrsus
382 735 414 790 in
437 734 563 792 Pontum
576 741 605 790 et
632 733 788 794 Armenios
817 735 949 806 patescit,

70 835 223 892 iuravere.
246 834 297 890 sed
312 834 438 890 inermes
466 834 571 906 Legati
589 837 736 906 regebant,
760 835 886 892 nondum
900 835 948 892 ad·

70 934 142 990 ditis
158 931 372 1004 Cappadociae
388 932 558 1004 legionibus.
601 933 763 991 Consilium
786 935 823 990 de
837 949 949 990 summa

73 1051 171 1090 rernm
195 1032 301 1104 Beryti
325 1029 464 1090 habitum.
486 1033 555 1088 illuc
580 1032 742 1096 Mucianus,
762 1051 829 1090 cunr
858 1035 949 1109 Lega-

75 1133 113 1189 lis
135 1130 338 1203 Tribunisque
362 1137 392 1186 et
412 1131 648 1201 splendidissimo
662 1150 772 1205 quoque
795 1132 946 1192 Centurio·

75 1247 199 1289 numan
216 1229 349 1294 militum,
370 1230 469 1286 venit:
491 1237 550 1284 ete
571 1230 691 1289 ludaico
714 1233 844 1290 exercitu
870 1236 948 1289 lecto

76 1331 195 1388 decora.
240 1327 370 1386 Tantum
385 1329 469 1386 simul
491 1329 618 1401 pediturn
643 1329 837 1403 equitumque,
857 1338 885 1386 et
901 1349 948 1388 ae-

76 1427 253 1486 mulantium
264 1426 341 1482 inter
364 1444 395 1482 se
411 1427 522 1501 Regum
535 1433 658 1500 paratus,
672 1428 801 1498 speciem
816 1429 946 1484 fortunae

77 1525 258 1598 Principalis
284 1525 449 1582 effecerant.
492 1527 588 1582 Prima
610 1527 680 1582 belli
701 1543 779 1592 cura,
799 1543 884 1598 agere
899 1513 999 1582 ‹le-82

76 1629 191 1683 lectus:
214 1639 353 1680 revocare
382 1631 543 1682 veteranos.
568 1626 752 1682 destinantur
767 1623 883 1680 validae
907 1623 948 1681 ci·

78 1725 190 1782 vitales
212 1722 386 1780 exercendis
413 1741 554 1780 armorum
578 1722 720 1780 officinis:
741 1723 816 1794 apud
846 1722 948 1780 Antio-

80 1825 207 1881 chenses
222 1840 321 1880 aurum
340 1829 546 1896 argentumque
559 1823 702 1896 signatur:
724 1839 814 1896 eaque
841 1827 948 1880 cuncta

79 1939 130 1995 per
148 1923 276 1980 idoneos
307 1911 463 1984 ministros,
482 1921 541 1976 suis
574 1939 703 1995 quaeque
724 1921 796 1979 locis
830 1922 947 1980 testina-
1038 1929 1039 1934 ’

81 2022 196 2078 bantur.
254 2020 322 2092 lpse
363 2019 562 2093 Vespasianus
590 2020 679 2084 adire,
707 2022 824 2086 hortari,
855 2023 946 2078 bonos
1008 2022 1011 2026 ’

5 2117 7 2198 f
80 2121 176 2186 laude,
192 2136 298 2193 segnes
313 2123 457 2192 exemplo,
486 2119 606 2176 incitare
621 2119 742 2192 saepius,
769 2137 854 2193 quam
869 2138 947 2178 coer-

5 2199 6 2204 *
81 2235 165 2287 cere3
188 2217 366 2291 vitiamagis
380 2218 546 2283 amicorum,
568 2235 653 2292 quam
681 2217 802 2274 virtutes
816 2217 947 2274 dissimu-

80 2318 154 2374 lans.
197 2315 307 2373 Multos
335 2317 520 2389 praefecturis
541 2322 570 2370 et
605 2315 861 2388 procurationibus,
890 2317 948 2387 pls-

89 2433 193 2489 rosque
215 2415 365 2470 Senatorii
378 2415 487 2471 ordinis
515 2414 623 2470 honore
648 2412 798 2486 percoluit,
818 2411 949 2486 egregios
971 2473 974 2479 ,

6 2589 7 2592 ¹
83 2513 163 2570 viros
177 2518 207 2570 et
222 2530 291 2570 mox
305 2531 416 2570 summa
430 2515 568 2584 adeptos3
588 2512 757 2585 quibusdam
771 2511 882 2568 fortuna
899 2528 949 2584 pro
975 2500 984 2595 i

84 2611 314 2669 virtutibusluit.
357 2612 539 2669 Donativum
565 2609 650 2666 militi
673 2627 765 2684 neque
794 2607 948 2668 Mucianus
977 2602 984 2634 ‘

83 2710 174 2783 prima
185 2710 340 2778 concione,
365 2711 421 2767 nisi
444 2709 569 2773 modice,
582 2709 765 2777 ostenderat;
785 2726 822 2766 ne
837 2707 955 2784 Vespa-⁸

82 2808 179 2868 cianus
198 2809 317 2883 quidem
346 2811 408 2880 plus
423 2806 507 2866 civili
522 2807 599 2862 bello
612 2807 725 2874 obtulit,
745 2825 829 2881 quam
851 2809 902 2867 alii
916 2811 948 2868 in

84 2925 171 2980 pace:
195 2907 311 2980 egregie
326 2907 422 2964 firmus
436 2907 573 2963 adversus
587 2905 741 2964 militarem
755 2907 948 2980 largitionem,

84 3007 324 3080 eoqnaexercitu
349 3005 476 3062 meliore.
518 3004 604 3062 Missi
629 3005 665 3061 ad
684 3004 821 3062 Parthum
848 3009 949 3064 Arme·

82 3104 220 3179 niumquc
248 3104 347 3177 legati,
368 3103 586 3177 provisumque,
615 3104 766 3170 nevernis
795 3105 831 3160 ad
857 3105 949 3161 civile

84 3203 193 3262 bellum
207 3202 378 3276 legionibus,
399 3208 479 3276 terga
495 3204 679 3262 nudarentur.
722 3203 827 3262 'Pilum
841 3201 949 3258 instare

114 3356 232 3416 Berenice]
264 3357 332 3402 Soror
344 3357 463 3416 Agrippae,
480 3356 536 3401 lulia
547 3357 681 3415 compellata
690 3360 713 3399 st
724 3355 779 3399 Tito
788 3353 870 3400 amata,
880 3353 950 3404 nupta

85 3415 179 3476 primum
192 3415 277 3461 Herodi
289 3415 410 3464 Chalcidis,
426 3413 479 3458 dein
496 3414 609 3460 Polemoni
621 3415 651 3467 ll,
667 3411 733 3458 Ponti
744 3416 767 3452 et
777 3403 848 3463 partia
857 3402 947 3447 Chalci-

84 3475 119 3522 dis
127 3473 236 3532 Regibus.
267 3472 327 3519 Vide
336 3472 452 3518 Herodunr
462 3471 568 3516 Stemma.
585 3470 644 3513 'l'orn
656 3469 672 3512 l.
683 3478 732 3524 pag.
743 3467 793 3507 317.
