<?xml version="1.0" encoding="UTF-8"?>
<!DOCTYPE html PUBLIC "-//W3C//DTD XHTML 1.0 Transitional//EN"
    "http://www.w3.org/TR/xhtml1/DTD/xhtml1-transitional.dtd">
<html xmlns="http://www.w3.org/1999/xhtml" xml:lang="en" lang="en">
 <head>
  <title>
</title>
<meta http-equiv="Content-Type" content="text/html;charset=utf-8" />
  <meta name='ocr-system' content='tesseract 3.04.00' />
  <meta name='ocr-capabilities' content='ocr_page ocr_carea ocr_par ocr_line ocrx_word'/>
</head>
<body>
  <div class='ocr_page' id='page_1' title='image "./operaexrecensio02tacigoog_0245.png"; bbox 0 0 2090 3838; ppageno 0'>
   <div class='ocr_carea' id='block_1_1' title="bbox 28 167 954 264">
    <p class='ocr_par' dir='ltr' id='par_1_1' title="bbox 28 167 954 264">
     <span class='ocr_line' id='line_1_1' title="bbox 28 167 954 264; baseline 0.005 -33"><span class='ocrx_word' id='word_1_1' title='bbox 28 199 29 208; x_wconf 23' lang='grc' dir='ltr'><strong>κ</strong></span> <span class='ocrx_word' id='word_1_2' title='bbox 104 167 217 264; x_wconf 51' lang='grc' dir='ltr'><strong>232ν</strong></span> <span class='ocrx_word' id='word_1_3' title='bbox 410 185 662 236; x_wconf 81' lang='lat' dir='ltr'><strong>srsrorussmr</strong></span> <span class='ocrx_word' id='word_1_4' title='bbox 829 189 954 240; x_wconf 65' lang='lat' dir='ltr'><strong>avan</strong></span> 
     </span>
    </p>
   </div>
   <div class='ocr_carea' id='block_1_2' title="bbox 54 340 970 3494">
    <p class='ocr_par' dir='ltr' id='par_1_2' title="bbox 54 340 970 3494">
     <span class='ocr_line' id='line_1_2' title="bbox 104 340 956 415; baseline 0.002 -18"><span class='ocrx_word' id='word_1_5' title='bbox 104 340 200 398; x_wconf 84' lang='lat' dir='ltr'><strong>bernis</strong></span> <span class='ocrx_word' id='word_1_6' title='bbox 228 341 333 409; x_wconf 87' lang='lat' dir='ltr'><strong>relicti,</strong></span> <span class='ocrx_word' id='word_1_7' title='bbox 358 342 501 400; x_wconf 77' lang='lat' dir='ltr'><strong>festinatis</strong></span> <span class='ocrx_word' id='word_1_8' title='bbox 522 359 575 415; x_wconf 87' lang='lat' dir='ltr'><strong>per</strong></span> <span class='ocrx_word' id='word_1_9' title='bbox 602 341 716 400; x_wconf 82' lang='lat' dir='ltr'><strong>Gallias</strong></span> <span class='ocrx_word' id='word_1_10' title='bbox 742 341 910 410; x_wconf 80' lang='lat' dir='ltr'><strong>delentibus,</strong></span> <span class='ocrx_word' id='word_1_11' title='bbox 929 347 956 399; x_wconf 86' lang='lat' dir='ltr'><strong>ut</strong></span> 
     </span>
     <span class='ocr_line' id='line_1_3' title="bbox 104 439 957 515; baseline 0.002 -19"><span class='ocrx_word' id='word_1_12' title='bbox 104 439 314 497; x_wconf 82' lang='lat' dir='ltr'><strong>remanentium</strong></span> <span class='ocrx_word' id='word_1_13' title='bbox 337 441 483 515; x_wconf 82' lang='lat' dir='ltr'><strong>legionum</strong></span> <span class='ocrx_word' id='word_1_14' title='bbox 504 441 622 498; x_wconf 84' lang='lat' dir='ltr'><strong>uomina</strong></span> <span class='ocrx_word' id='word_1_15' title='bbox 643 444 851 514; x_wconf 67' lang='lat' dir='ltr'>supplerentur.</span> <span class='ocrx_word' id='word_1_16' title='bbox 890 442 957 500; x_wconf 84' lang='lat' dir='ltr'><strong>Cura</strong></span> 
     </span>
     <span class='ocr_line' id='line_1_4' title="bbox 106 535 957 614; baseline 0.004 -20"><span class='ocrx_word' id='word_1_17' title='bbox 106 535 185 610; x_wconf 86' lang='lat' dir='ltr'><strong>ripae</strong></span> <span class='ocrx_word' id='word_1_18' title='bbox 199 539 366 599; x_wconf 77' lang='lat' dir='ltr'><strong>Hordeonio</strong></span> <span class='ocrx_word' id='word_1_19' title='bbox 386 541 497 596; x_wconf 82' lang='lat' dir='ltr'><strong>Flacco</strong></span> <span class='ocrx_word' id='word_1_20' title='bbox 519 540 674 614; x_wconf 85' lang='lat' dir='ltr'><strong>permissa:</strong></span> <span class='ocrx_word' id='word_1_21' title='bbox 694 540 786 614; x_wconf 82' lang='lat' dir='ltr'><strong>ipsae</strong></span> <span class='ocrx_word' id='word_1_22' title='bbox 800 540 957 597; x_wconf 79' lang='lat' dir='ltr'><strong>Britannico</strong></span> 
     </span>
     <span class='ocr_line' id='line_1_5' title="bbox 105 637 959 716; baseline 0.002 -24"><span class='ocrx_word' id='word_1_23' title='bbox 105 637 222 693; x_wconf 81' lang='lat' dir='ltr'><strong>delectu</strong></span> <span class='ocrx_word' id='word_1_24' title='bbox 242 643 311 694; x_wconf 93' lang='lat' dir='ltr'><strong>octo</strong></span> <span class='ocrx_word' id='word_1_25' title='bbox 332 637 431 716; x_wconf 74' lang='lat' dir='ltr'><strong>millia¹</strong></span> <span class='ocrx_word' id='word_1_26' title='bbox 441 639 499 695; x_wconf 88' lang='lat' dir='ltr'><strong>sibi</strong></span> <span class='ocrx_word' id='word_1_27' title='bbox 518 639 660 696; x_wconf 80' lang='lat' dir='ltr'><strong>adiunxit.</strong></span> <span class='ocrx_word' id='word_1_28' title='bbox 674 645 714 706; x_wconf 87' lang='lat' dir='ltr'><strong>et,</strong></span> <span class='ocrx_word' id='word_1_29' title='bbox 742 655 895 712; x_wconf 78' lang='lat' dir='ltr'><strong>paucorum</strong></span> <span class='ocrx_word' id='word_1_30' title='bbox 907 637 959 694; x_wconf 88' lang='lat' dir='ltr'><strong>die·</strong></span> 
     </span>
     <span class='ocr_line' id='line_1_6' title="bbox 107 736 958 812; baseline 0.006 -21"><span class='ocrx_word' id='word_1_31' title='bbox 107 751 168 792; x_wconf 89' lang='lat' dir='ltr'><strong>rum</strong></span> <span class='ocrx_word' id='word_1_32' title='bbox 182 736 238 792; x_wconf 82' lang='lat' dir='ltr'><strong>iter</strong></span> <span class='ocrx_word' id='word_1_33' title='bbox 251 753 413 810; x_wconf 77' lang='lat' dir='ltr'><strong>progressus</strong></span> <span class='ocrx_word' id='word_1_34' title='bbox 427 745 595 810; x_wconf 72' lang='lat' dir='ltr'><strong>iprospsras</strong></span> <span class='ocrx_word' id='word_1_35' title='bbox 615 741 690 812; x_wconf 82' lang='lat' dir='ltr'><strong>apud</strong></span> <span class='ocrx_word' id='word_1_36' title='bbox 718 739 890 796; x_wconf 79' lang='lat' dir='ltr'><strong>Bedriacum</strong></span> <span class='ocrx_word' id='word_1_37' title='bbox 912 755 958 803; x_wconf 83' lang='lat' dir='ltr'><strong>rer,</strong></span> 
     </span>
     <span class='ocr_line' id='line_1_7' title="bbox 107 833 958 911; baseline 0.006 -21"><span class='ocrx_word' id='word_1_38' title='bbox 107 839 161 892; x_wconf 83' lang='lat' dir='ltr'><strong>‘ac</strong></span> <span class='ocrx_word' id='word_1_39' title='bbox 176 841 267 892; x_wconf 86' lang='lat' dir='ltr'><strong>morte</strong></span> <span class='ocrx_word' id='word_1_40' title='bbox 286 837 410 894; x_wconf 83' lang='lat' dir='ltr'><strong>Othonis</strong></span> <span class='ocrx_word' id='word_1_41' title='bbox 423 839 587 896; x_wconf 82' lang='lat' dir='ltr'><strong>concidisse</strong></span> <span class='ocrx_word' id='word_1_42' title='bbox 603 833 729 904; x_wconf 61' lang='lat' dir='ltr'><strong>bellurn?</strong></span> <span class='ocrx_word' id='word_1_43' title='bbox 743 839 868 911; x_wconf 82' lang='lat' dir='ltr'><strong>accepit.</strong></span> <span class='ocrx_word' id='word_1_44' title='bbox 907 841 958 896; x_wconf 84' lang='lat' dir='ltr'><strong>Vo</strong></span> 
     </span>
     <span class='ocr_line' id='line_1_8' title="bbox 107 935 957 1004; baseline 0.006 -15"><span class='ocrx_word' id='word_1_45' title='bbox 107 940 173 990; x_wconf 84' lang='lat' dir='ltr'><strong>cata</strong></span> <span class='ocrx_word' id='word_1_46' title='bbox 187 935 339 1004; x_wconf 76' lang='lat' dir='ltr'><strong>concione,</strong></span> <span class='ocrx_word' id='word_1_47' title='bbox 364 937 499 994; x_wconf 88' lang='lat' dir='ltr'><strong>virtutem</strong></span> <span class='ocrx_word' id='word_1_48' title='bbox 528 939 651 996; x_wconf 89' lang='lat' dir='ltr'><strong>militurn</strong></span> <span class='ocrx_word' id='word_1_49' title='bbox 676 941 809 997; x_wconf 88' lang='lat' dir='ltr'><strong>laudibus</strong></span> <span class='ocrx_word' id='word_1_50' title='bbox 832 942 957 997; x_wconf 85' lang='lat' dir='ltr'><strong>cumulat.</strong></span> 
     </span>
     <span class='ocr_line' id='line_1_9' title="bbox 107 1033 958 1105; baseline 0.005 -15"><span class='ocrx_word' id='word_1_51' title='bbox 107 1033 278 1092; x_wconf 82' lang='lat' dir='ltr'><strong>Postulante</strong></span> <span class='ocrx_word' id='word_1_52' title='bbox 292 1036 434 1102; x_wconf 79' lang='lat' dir='ltr'><strong>exercito,</strong></span> <span class='ocrx_word' id='word_1_53' title='bbox 456 1043 507 1093; x_wconf 86' lang='lat' dir='ltr'><strong>‘ut</strong></span> <span class='ocrx_word' id='word_1_54' title='bbox 530 1037 662 1095; x_wconf 89' lang='lat' dir='ltr'><strong>libertum</strong></span> <span class='ocrx_word' id='word_1_55' title='bbox 683 1057 775 1105; x_wconf 83' lang='lat' dir='ltr'><strong>suum,</strong></span> <span class='ocrx_word' id='word_1_56' title='bbox 799 1040 958 1104; x_wconf 85' lang='lat' dir='ltr'><strong>Asiaticum,</strong></span> 
     </span>
     <span class='ocr_line' id='line_1_10' title="bbox 107 1135 958 1210; baseline 0.006 -20"><span class='ocrx_word' id='word_1_57' title='bbox 107 1135 260 1208; x_wconf 83' lang='lat' dir='ltr'><strong>‘Equestri</strong></span> <span class='ocrx_word' id='word_1_58' title='bbox 273 1135 415 1209; x_wconf 84' lang='lat' dir='ltr'><strong>dignitate</strong></span> <span class='ocrx_word' id='word_1_59' title='bbox 428 1136 565 1203; x_wconf 87' lang='lat' dir='ltr'><strong>donaret,’</strong></span> <span class='ocrx_word' id='word_1_60' title='bbox 579 1138 761 1196; x_wconf 80' lang='lat' dir='ltr'><strong>inhonestam</strong></span> <span class='ocrx_word' id='word_1_61' title='bbox 776 1141 958 1210; x_wconf 79' lang='lat' dir='ltr'><strong>adulationem</strong></span> 
     </span>
     <span class='ocr_line' id='line_1_11' title="bbox 72 1235 958 1312; baseline 0.007 -25"><span class='ocrx_word' id='word_1_62' title='bbox 72 1287 75 1294; x_wconf 16' lang='grc' dir='ltr'><strong><em>Δ</em></strong></span> <span class='ocrx_word' id='word_1_63' title='bbox 107 1235 276 1306; x_wconf 89' lang='lat' dir='ltr'><strong>compescit.</strong></span> <span class='ocrx_word' id='word_1_64' title='bbox 330 1235 418 1300; x_wconf 82' lang='lat' dir='ltr'><strong>Dein,</strong></span> <span class='ocrx_word' id='word_1_65' title='bbox 440 1235 601 1293; x_wconf 84' lang='lat' dir='ltr'><strong>mobilitate</strong></span> <span class='ocrx_word' id='word_1_66' title='bbox 628 1237 750 1312; x_wconf 85' lang='lat' dir='ltr'><strong>ingenii,</strong></span> <span class='ocrx_word' id='word_1_67' title='bbox 772 1240 849 1312; x_wconf 89' lang='lat' dir='ltr'><strong>quod</strong></span> <span class='ocrx_word' id='word_1_68' title='bbox 875 1240 958 1312; x_wconf 85' lang='lat' dir='ltr'><strong>palam</strong></span> 
     </span>
     <span class='ocr_line' id='line_1_12' title="bbox 108 1332 958 1410; baseline 0.008 -22"><span class='ocrx_word' id='word_1_69' title='bbox 108 1334 256 1398; x_wconf 85' lang='lat' dir='ltr'><strong>abnuerat,</strong></span> <span class='ocrx_word' id='word_1_70' title='bbox 283 1332 360 1390; x_wconf 88' lang='lat' dir='ltr'><strong>inter</strong></span> <span class='ocrx_word' id='word_1_71' title='bbox 386 1341 499 1392; x_wconf 86' lang='lat' dir='ltr'><strong>secreta</strong></span> <span class='ocrx_word' id='word_1_72' title='bbox 523 1335 657 1393; x_wconf 86' lang='lat' dir='ltr'><strong>convivii</strong></span> <span class='ocrx_word' id='word_1_73' title='bbox 683 1339 819 1410; x_wconf 58' lang='lat' dir='ltr'><strong>largitum</strong></span> <span class='ocrx_word' id='word_1_74' title='bbox 852 1339 958 1394; x_wconf 88' lang='lat' dir='ltr'><strong>honora·</strong></span> 
     </span>
     <span class='ocr_line' id='line_1_13' title="bbox 107 1425 959 1510; baseline 0.005 -22"><span class='ocrx_word' id='word_1_75' title='bbox 107 1431 208 1506; x_wconf 84' lang='lat' dir='ltr'><strong>vitque</strong></span> <span class='ocrx_word' id='word_1_76' title='bbox 225 1425 388 1490; x_wconf 76' lang='lat' dir='ltr'><strong>Asiaticum</strong></span> <span class='ocrx_word' id='word_1_77' title='bbox 404 1434 507 1501; x_wconf 85' lang='lat' dir='ltr'><strong>anulis,</strong></span> <span class='ocrx_word' id='word_1_78' title='bbox 527 1434 642 1492; x_wconf 76' lang='lat' dir='ltr'><strong>foedum</strong></span> <span class='ocrx_word' id='word_1_79' title='bbox 662 1435 840 1510; x_wconf 79' lang='lat' dir='ltr'><strong>mancipium</strong></span> <span class='ocrx_word' id='word_1_80' title='bbox 865 1442 893 1494; x_wconf 84' lang='lat' dir='ltr'><strong>ct</strong></span> <span class='ocrx_word' id='word_1_81' title='bbox 912 1451 959 1492; x_wconf 82' lang='lat' dir='ltr'><strong>ma·</strong></span> 
     </span>
     <span class='ocr_line' id='line_1_14' title="bbox 57 1531 959 1601; baseline 0.003 -13"><span class='ocrx_word' id='word_1_82' title='bbox 57 1531 144 1601; x_wconf 64' lang='lat' dir='ltr'><strong>palis</strong></span> <span class='ocrx_word' id='word_1_83' title='bbox 172 1532 279 1590; x_wconf 86' lang='lat' dir='ltr'><strong>artibus</strong></span> <span class='ocrx_word' id='word_1_84' title='bbox 298 1532 489 1590; x_wconf 87' lang='lat' dir='ltr'><strong>ambitiosum.</strong></span> <span class='ocrx_word' id='word_1_85' title='bbox 531 1535 639 1592; x_wconf 82' lang='lat' dir='ltr'><strong>lisdem</strong></span> <span class='ocrx_word' id='word_1_86' title='bbox 661 1535 771 1601; x_wconf 78' lang='lat' dir='ltr'><strong>uterus,</strong></span> <span class='ocrx_word' id='word_1_87' title='bbox 792 1533 959 1593; x_wconf 81' lang='lat' dir='ltr'><strong>‘accessisse</strong></span> 
     </span>
     <span class='ocr_line' id='line_1_15' title="bbox 108 1613 959 1708; baseline 0.004 -21"><span class='ocrx_word' id='word_1_88' title='bbox 108 1633 255 1705; x_wconf 81' lang='lat' dir='ltr'><strong>‘partibus</strong></span> <span class='ocrx_word' id='word_1_89' title='bbox 275 1613 423 1708; x_wconf 80' lang='lat' dir='ltr'><strong>utramque</strong></span> <span class='ocrx_word' id='word_1_90' title='bbox 445 1633 667 1701; x_wconf 83' lang='lat' dir='ltr'><strong>Mauretaniam,</strong></span> <span class='ocrx_word' id='word_1_91' title='bbox 686 1627 844 1692; x_wconf 79' lang='lat' dir='ltr'><strong>interiecto</strong></span> <span class='ocrx_word' id='word_1_92' title='bbox 867 1637 959 1693; x_wconf 84' lang='lat' dir='ltr'><strong>Procu-</strong></span> 
     </span>
     <span class='ocr_line' id='line_1_16' title="bbox 109 1725 960 1799; baseline 0 -11"><span class='ocrx_word' id='word_1_93' title='bbox 109 1735 221 1788; x_wconf 85' lang='lat' dir='ltr'><strong>‘ratore</strong></span> <span class='ocrx_word' id='word_1_94' title='bbox 252 1725 379 1799; x_wconf 81' lang='lat' dir='ltr'><strong>Albino,&#39;</strong></span> <span class='ocrx_word' id='word_1_95' title='bbox 401 1732 496 1790; x_wconf 89' lang='lat' dir='ltr'><strong>nuntii</strong></span> <span class='ocrx_word' id='word_1_96' title='bbox 518 1748 635 1791; x_wconf 84' lang='lat' dir='ltr'><strong>venere.</strong></span> <span class='ocrx_word' id='word_1_97' title='bbox 685 1735 814 1792; x_wconf 83' lang='lat' dir='ltr'><strong>Luceius</strong></span> <span class='ocrx_word' id='word_1_98' title='bbox 838 1735 960 1799; x_wconf 84' lang='lat' dir='ltr'><strong>Albinus,</strong></span> 
     </span>
     <span class='ocr_line' id='line_1_17' title="bbox 109 1831 961 1906; baseline 0.004 -21"><span class='ocrx_word' id='word_1_99' title='bbox 109 1831 260 1886; x_wconf 85' lang='lat' dir='ltr'><strong>nNerone</strong></span> <span class='ocrx_word' id='word_1_100' title='bbox 281 1831 482 1889; x_wconf 73' lang='lat' dir='ltr'><strong>Mauretaniae</strong></span> <span class='ocrx_word' id='word_1_101' title='bbox 502 1832 685 1890; x_wconf 69' lang='lat' dir='ltr'><strong>Caesariensi</strong></span> <span class='ocrx_word' id='word_1_102' title='bbox 720 1834 907 1906; x_wconf 73' lang='lat' dir='ltr'><strong>praepositus,</strong></span> <span class='ocrx_word' id='word_1_103' title='bbox 920 1832 961 1888; x_wconf 82' lang='lat' dir='ltr'><strong>ad</strong></span> 
     </span>
     <span class='ocr_line' id='line_1_18' title="bbox 107 1929 961 2005; baseline 0.004 -20"><span class='ocrx_word' id='word_1_104' title='bbox 107 1929 169 1985; x_wconf 88' lang='lat' dir='ltr'><strong>dita</strong></span> <span class='ocrx_word' id='word_1_105' title='bbox 193 1947 243 2000; x_wconf 88' lang='lat' dir='ltr'><strong>per</strong></span> <span class='ocrx_word' id='word_1_106' title='bbox 257 1929 381 1986; x_wconf 85' lang='lat' dir='ltr'><strong>Galbam</strong></span> <span class='ocrx_word' id='word_1_107' title='bbox 402 1931 586 2004; x_wconf 62' lang='lat' dir='ltr'><strong>&#39;Pingitnnae</strong></span> <span class='ocrx_word' id='word_1_108' title='bbox 600 1932 779 2005; x_wconf 87' lang='lat' dir='ltr'><strong>provinciae</strong></span> <span class='ocrx_word' id='word_1_109' title='bbox 793 1933 961 1990; x_wconf 83' lang='lat' dir='ltr'><strong>administra·</strong></span> 
     </span>
     <span class='ocr_line' id='line_1_19' title="bbox 108 2029 962 2104; baseline 0 -19"><span class='ocrx_word' id='word_1_110' title='bbox 108 2029 198 2093; x_wconf 84' lang='lat' dir='ltr'><strong>tione,</strong></span> <span class='ocrx_word' id='word_1_111' title='bbox 211 2029 285 2084; x_wconf 82' lang='lat' dir='ltr'><strong>lrnurl</strong></span> <span class='ocrx_word' id='word_1_112' title='bbox 311 2030 480 2101; x_wconf 75' lang='lat' dir='ltr'><strong>spernendis</strong></span> <span class='ocrx_word' id='word_1_113' title='bbox 503 2029 611 2088; x_wconf 88' lang='lat' dir='ltr'><strong>viribus</strong></span> <span class='ocrx_word' id='word_1_114' title='bbox 632 2033 744 2104; x_wconf 86' lang='lat' dir='ltr'><strong>agebat.</strong></span> <span class='ocrx_word' id='word_1_115' title='bbox 773 2031 962 2090; x_wconf 67' lang='lat' dir='ltr'><strong>xvirum</strong></span> 
     </span>
     <span class='ocr_line' id='line_1_20' title="bbox 108 2127 963 2202; baseline 0 -18"><span class='ocrx_word' id='word_1_116' title='bbox 108 2129 213 2194; x_wconf 84' lang='lat' dir='ltr'><strong>hortea,</strong></span> <span class='ocrx_word' id='word_1_117' title='bbox 234 2127 358 2200; x_wconf 82' lang='lat' dir='ltr'><strong>quinque</strong></span> <span class='ocrx_word' id='word_1_118' title='bbox 372 2131 443 2196; x_wconf 87' lang='lat' dir='ltr'><strong>alae,</strong></span> <span class='ocrx_word' id='word_1_119' title='bbox 467 2129 570 2202; x_wconf 86' lang='lat' dir='ltr'><strong>ingens</strong></span> <span class='ocrx_word' id='word_1_120' title='bbox 587 2130 752 2186; x_wconf 86' lang='lat' dir='ltr'><strong>Maurorum</strong></span> <span class='ocrx_word' id='word_1_121' title='bbox 775 2147 907 2187; x_wconf 85' lang='lat' dir='ltr'><strong>numerus</strong></span> <span class='ocrx_word' id='word_1_122' title='bbox 920 2127 963 2185; x_wconf 85' lang='lat' dir='ltr'><strong>ad·</strong></span> 
     </span>
     <span class='ocr_line' id='line_1_21' title="bbox 108 2229 962 2303; baseline 0.001 -16"><span class='ocrx_word' id='word_1_123' title='bbox 108 2233 179 2294; x_wconf 86' lang='lat' dir='ltr'><strong>erat,</strong></span> <span class='ocrx_word' id='word_1_124' title='bbox 194 2245 244 2302; x_wconf 88' lang='lat' dir='ltr'><strong>per</strong></span> <span class='ocrx_word' id='word_1_125' title='bbox 258 2229 409 2286; x_wconf 85' lang='lat' dir='ltr'><strong>latrocinia</strong></span> <span class='ocrx_word' id='word_1_126' title='bbox 420 2233 449 2286; x_wconf 87' lang='lat' dir='ltr'><strong>st</strong></span> <span class='ocrx_word' id='word_1_127' title='bbox 459 2235 555 2302; x_wconf 88' lang='lat' dir='ltr'><strong>raptus</strong></span> <span class='ocrx_word' id='word_1_128' title='bbox 569 2236 636 2303; x_wconf 87' lang='lat' dir='ltr'><strong>apta</strong></span> <span class='ocrx_word' id='word_1_129' title='bbox 645 2231 722 2286; x_wconf 87' lang='lat' dir='ltr'><strong>bello</strong></span> <span class='ocrx_word' id='word_1_130' title='bbox 733 2233 844 2288; x_wconf 86' lang='lat' dir='ltr'><strong>manus.</strong></span> <span class='ocrx_word' id='word_1_131' title='bbox 876 2232 962 2289; x_wconf 75' lang='lat' dir='ltr'><strong>caeso</strong></span> 
     </span>
     <span class='ocr_line' id='line_1_22' title="bbox 109 2328 962 2402; baseline 0.001 -17"><span class='ocrx_word' id='word_1_132' title='bbox 109 2329 215 2395; x_wconf 78' lang='lat' dir='ltr'><strong>Galba,</strong></span> <span class='ocrx_word' id='word_1_133' title='bbox 237 2328 268 2386; x_wconf 91' lang='lat' dir='ltr'><strong>in</strong></span> <span class='ocrx_word' id='word_1_134' title='bbox 293 2329 441 2387; x_wconf 87' lang='lat' dir='ltr'><strong>Othonem</strong></span> <span class='ocrx_word' id='word_1_135' title='bbox 461 2347 575 2402; x_wconf 86' lang='lat' dir='ltr'><strong>pronus,</strong></span> <span class='ocrx_word' id='word_1_136' title='bbox 598 2347 653 2386; x_wconf 90' lang='lat' dir='ltr'><strong>nec</strong></span> <span class='ocrx_word' id='word_1_137' title='bbox 680 2329 783 2387; x_wconf 75' lang='lat' dir='ltr'><strong>Africa</strong></span> <span class='ocrx_word' id='word_1_138' title='bbox 806 2335 962 2395; x_wconf 83' lang='lat' dir='ltr'><strong>contentus,</strong></span> 
     </span>
     <span class='ocr_line' id='line_1_23' title="bbox 109 2427 962 2502; baseline -0.004 -17"><span class='ocrx_word' id='word_1_139' title='bbox 109 2428 280 2502; x_wconf 78' lang='lat' dir='ltr'><strong>Hispaniae,</strong></span> <span class='ocrx_word' id='word_1_140' title='bbox 323 2433 445 2500; x_wconf 81' lang='lat' dir='ltr'><strong>angusto</strong></span> <span class='ocrx_word' id='word_1_141' title='bbox 484 2427 557 2485; x_wconf 75' lang='lat' dir='ltr'><strong>freto</strong></span> <span class='ocrx_word' id='word_1_142' title='bbox 590 2428 759 2500; x_wconf 80' lang='lat' dir='ltr'><strong>diremptae,</strong></span> <span class='ocrx_word' id='word_1_143' title='bbox 801 2429 962 2487; x_wconf 87' lang='lat' dir='ltr'><strong>inminebat.</strong></span> 
     </span>
     <span class='ocr_line' id='line_1_24' title="bbox 109 2524 964 2603; baseline -0.004 -17"><span class='ocrx_word' id='word_1_144' title='bbox 109 2529 182 2586; x_wconf 88' lang='lat' dir='ltr'><strong>lude</strong></span> <span class='ocrx_word' id='word_1_145' title='bbox 197 2527 305 2586; x_wconf 77' lang='lat' dir='ltr'><strong>Cluvio</strong></span> <span class='ocrx_word' id='word_1_146' title='bbox 332 2525 408 2584; x_wconf 72' lang='lat' dir='ltr'><strong>Ruso</strong></span> <span class='ocrx_word' id='word_1_147' title='bbox 427 2535 537 2584; x_wconf 86' lang='lat' dir='ltr'><strong>metus:</strong></span> <span class='ocrx_word' id='word_1_148' title='bbox 567 2533 593 2584; x_wconf 83' lang='lat' dir='ltr'><strong>et</strong></span> <span class='ocrx_word' id='word_1_149' title='bbox 612 2524 743 2583; x_wconf 67' lang='lat' dir='ltr'><strong>unimam</strong></span> <span class='ocrx_word' id='word_1_150' title='bbox 759 2525 893 2602; x_wconf 73' lang='lat' dir='ltr'><strong>legionen</strong></span> <span class='ocrx_word' id='word_1_151' title='bbox 905 2543 964 2603; x_wconf 80' lang='lat' dir='ltr'><strong>pro</strong></span> 
     </span>
     <span class='ocr_line' id='line_1_25' title="bbox 104 2613 964 2703; baseline -0.002 -21"><span class='ocrx_word' id='word_1_152' title='bbox 104 2625 242 2703; x_wconf 81' lang='lat' dir='ltr'><strong>pinpuore</strong></span> <span class='ocrx_word' id='word_1_153' title='bbox 261 2613 346 2693; x_wconf 77' lang='lat' dir='ltr'><strong>ludi,</strong></span> <span class='ocrx_word' id='word_1_154' title='bbox 377 2632 408 2683; x_wconf 90' lang='lat' dir='ltr'><strong>nt</strong></span> <span class='ocrx_word' id='word_1_155' title='bbox 433 2625 655 2692; x_wconf 82' lang='lat' dir='ltr'><strong>transmissurus,</strong></span> <span class='ocrx_word' id='word_1_156' title='bbox 683 2625 786 2684; x_wconf 85' lang='lat' dir='ltr'><strong>iussit:</strong></span> <span class='ocrx_word' id='word_1_157' title='bbox 822 2625 964 2699; x_wconf 84' lang='lat' dir='ltr'><strong>praemissi</strong></span> 
     </span>
     <span class='ocr_line' id='line_1_26' title="bbox 110 2723 965 2800; baseline -0.004 -17"><span class='ocrx_word' id='word_1_158' title='bbox 110 2725 311 2793; x_wconf 77' lang='lat' dir='ltr'><strong>Centuriones,</strong></span> <span class='ocrx_word' id='word_1_159' title='bbox 331 2726 378 2800; x_wconf 89' lang='lat' dir='ltr'><strong>qui</strong></span> <span class='ocrx_word' id='word_1_160' title='bbox 401 2725 564 2786; x_wconf 85' lang='lat' dir='ltr'><strong>Maurorum</strong></span> <span class='ocrx_word' id='word_1_161' title='bbox 579 2725 700 2782; x_wconf 51' lang='lat' dir='ltr'><strong>¹arr&#39;uuos</strong></span> <span class='ocrx_word' id='word_1_162' title='bbox 721 2725 848 2784; x_wconf 87' lang='lat' dir='ltr'><strong>Vitellio</strong></span> <span class='ocrx_word' id='word_1_163' title='bbox 875 2723 965 2783; x_wconf 81' lang='lat' dir='ltr'><strong>couci</strong></span> 
     </span>
     <span class='ocr_line' id='line_1_27' title="bbox 107 2809 964 2898; baseline 0 -18"><span class='ocrx_word' id='word_1_164' title='bbox 107 2823 221 2889; x_wconf 88' lang='lat' dir='ltr'><strong>liarent,</strong></span> <span class='ocrx_word' id='word_1_165' title='bbox 242 2841 336 2898; x_wconf 86' lang='lat' dir='ltr'><strong>neque</strong></span> <span class='ocrx_word' id='word_1_166' title='bbox 360 2825 477 2890; x_wconf 79' lang='lat' dir='ltr'><strong>aninum</strong></span> <span class='ocrx_word' id='word_1_167' title='bbox 508 2825 570 2892; x_wconf 86' lang='lat' dir='ltr'><strong>luit,</strong></span> <span class='ocrx_word' id='word_1_168' title='bbox 594 2809 782 2898; x_wconf 80' lang='lat' dir='ltr'><strong>magnaper</strong></span> <span class='ocrx_word' id='word_1_169' title='bbox 804 2825 964 2897; x_wconf 84' lang='lat' dir='ltr'><strong>provincias</strong></span> 
     </span>
     <span class='ocr_line' id='line_1_28' title="bbox 108 2923 965 2998; baseline 0 -18"><span class='ocrx_word' id='word_1_170' title='bbox 108 2923 278 2981; x_wconf 85' lang='lat' dir='ltr'><strong>Germanici</strong></span> <span class='ocrx_word' id='word_1_171' title='bbox 312 2924 457 2980; x_wconf 84' lang='lat' dir='ltr'><strong>exercilus</strong></span> <span class='ocrx_word' id='word_1_172' title='bbox 490 2923 576 2982; x_wconf 84' lang='lat' dir='ltr'><strong>lama.</strong></span> <span class='ocrx_word' id='word_1_173' title='bbox 632 2925 826 2998; x_wconf 71' lang='lat' dir='ltr'><strong>spargebatur</strong></span> <span class='ocrx_word' id='word_1_174' title='bbox 846 2925 965 2996; x_wconf 85' lang='lat' dir='ltr'><strong>insuper,</strong></span> 
     </span>
     <span class='ocr_line' id='line_1_29' title="bbox 107 3019 965 3100; baseline 0 -21"><span class='ocrx_word' id='word_1_175' title='bbox 107 3029 198 3100; x_wconf 68' lang='lat' dir='ltr'><strong>spreto</strong></span> <span class='ocrx_word' id='word_1_176' title='bbox 212 3021 408 3079; x_wconf 79' lang='lat' dir='ltr'><strong>Procuratoris</strong></span> <span class='ocrx_word' id='word_1_177' title='bbox 422 3021 560 3090; x_wconf 70' lang='lat' dir='ltr'><strong>vocando,</strong></span> <span class='ocrx_word' id='word_1_178' title='bbox 580 3019 715 3079; x_wconf 84' lang='lat' dir='ltr'><strong>Albinum</strong></span> <span class='ocrx_word' id='word_1_179' title='bbox 737 3019 850 3098; x_wconf 77' lang='lat' dir='ltr'><strong>insigne</strong></span> <span class='ocrx_word' id='word_1_180' title='bbox 872 3020 965 3097; x_wconf 72' lang='lat' dir='ltr'><strong>liegii,</strong></span> 
     </span>
     <span class='ocr_line' id='line_1_30' title="bbox 54 3119 965 3196; baseline -0.001 -19"><span class='ocrx_word' id='word_1_181' title='bbox 54 3122 136 3178; x_wconf 74' lang='lat' dir='ltr'><strong>usar</strong></span> <span class='ocrx_word' id='word_1_182' title='bbox 152 3123 240 3180; x_wconf 85' lang='lat' dir='ltr'><strong>lubae</strong></span> <span class='ocrx_word' id='word_1_183' title='bbox 265 3137 361 3176; x_wconf 84' lang='lat' dir='ltr'><strong>nornen</strong></span> <span class='ocrx_word' id='word_1_184' title='bbox 381 3137 526 3196; x_wconf 80' lang='lat' dir='ltr'><strong>usurpare.</strong></span> <span class='ocrx_word' id='word_1_185' title='bbox 568 3121 613 3178; x_wconf 82' lang='lat' dir='ltr'><strong>lla</strong></span> <span class='ocrx_word' id='word_1_186' title='bbox 636 3121 752 3178; x_wconf 87' lang='lat' dir='ltr'><strong>mutatis</strong></span> <span class='ocrx_word' id='word_1_187' title='bbox 776 3121 889 3188; x_wconf 85' lang='lat' dir='ltr'><strong>animis,</strong></span> <span class='ocrx_word' id='word_1_188' title='bbox 906 3119 965 3178; x_wconf 85' lang='lat' dir='ltr'><strong>Asi-</strong></span> 
     </span>
     <span class='ocr_line' id='line_1_31' title="bbox 106 3219 965 3286; baseline 0 -11"><span class='ocrx_word' id='word_1_189' title='bbox 106 3221 172 3276; x_wconf 84' lang='lat' dir='ltr'><strong>nius</strong></span> <span class='ocrx_word' id='word_1_190' title='bbox 199 3219 305 3282; x_wconf 80' lang='lat' dir='ltr'><strong>Poliio,</strong></span> <span class='ocrx_word' id='word_1_191' title='bbox 331 3221 394 3274; x_wconf 87' lang='lat' dir='ltr'><strong>alae</strong></span> <span class='ocrx_word' id='word_1_192' title='bbox 423 3220 598 3286; x_wconf 77' lang='lat' dir='ltr'><strong>Praefectus,</strong></span> <span class='ocrx_word' id='word_1_193' title='bbox 626 3237 643 3276; x_wconf 89' lang='lat' dir='ltr'><strong>e</strong></span> <span class='ocrx_word' id='word_1_194' title='bbox 669 3220 815 3277; x_wconf 85' lang='lat' dir='ltr'><strong>fidissimis</strong></span> <span class='ocrx_word' id='word_1_195' title='bbox 851 3220 965 3284; x_wconf 83' lang='lat' dir='ltr'><strong>Albino,</strong></span> 
     </span>
     <span class='ocr_line' id='line_1_32' title="bbox 106 3316 967 3392; baseline 0 -18"><span class='ocrx_word' id='word_1_196' title='bbox 106 3324 135 3374; x_wconf 90' lang='lat' dir='ltr'><strong>et</strong></span> <span class='ocrx_word' id='word_1_197' title='bbox 170 3319 274 3374; x_wconf 76' lang='lat' dir='ltr'><strong>Festus</strong></span> <span class='ocrx_word' id='word_1_198' title='bbox 302 3331 336 3372; x_wconf 89' lang='lat' dir='ltr'><strong>ac</strong></span> <span class='ocrx_word' id='word_1_199' title='bbox 366 3316 476 3386; x_wconf 85' lang='lat' dir='ltr'><strong>Scipio,</strong></span> <span class='ocrx_word' id='word_1_200' title='bbox 504 3319 666 3374; x_wconf 85' lang='lat' dir='ltr'><strong>cohortium</strong></span> <span class='ocrx_word' id='word_1_201' title='bbox 694 3319 848 3385; x_wconf 78' lang='lat' dir='ltr'><strong>Praefecti,</strong></span> <span class='ocrx_word' id='word_1_202' title='bbox 878 3316 967 3392; x_wconf 85' lang='lat' dir='ltr'><strong>oppri-</strong></span> 
     </span>
     <span class='ocr_line' id='line_1_33' title="bbox 105 3413 970 3494; baseline 0.002 -22"><span class='ocrx_word' id='word_1_203' title='bbox 105 3421 228 3472; x_wconf 85' lang='lat' dir='ltr'><strong>muntur.</strong></span> <span class='ocrx_word' id='word_1_204' title='bbox 276 3414 341 3486; x_wconf 88' lang='lat' dir='ltr'><strong>lpse</strong></span> <span class='ocrx_word' id='word_1_205' title='bbox 372 3413 504 3481; x_wconf 82' lang='lat' dir='ltr'><strong>Albinus,</strong></span> <span class='ocrx_word' id='word_1_206' title='bbox 533 3419 601 3474; x_wconf 91' lang='lat' dir='ltr'><strong>dum</strong></span> <span class='ocrx_word' id='word_1_207' title='bbox 628 3434 647 3473; x_wconf 88' lang='lat' dir='ltr'><strong>e</strong></span> <span class='ocrx_word' id='word_1_208' title='bbox 674 3417 838 3492; x_wconf 81' lang='lat' dir='ltr'><strong>Tingitana</strong></span> <span class='ocrx_word' id='word_1_209' title='bbox 859 3417 970 3494; x_wconf 81' lang='lat' dir='ltr'><strong>proriu-</strong></span> 
     </span>
    </p>
   </div>
   <div class='ocr_carea' id='block_1_3' title="bbox 0 0 1063 3828">
    <p class='ocr_par' dir='ltr' id='par_1_3' title="bbox 0 0 1063 3828">
     <span class='ocr_line' id='line_1_34' title="bbox 0 0 1063 3828; baseline 0 0"><span class='ocrx_word' id='word_1_210' title='bbox 0 0 1063 3828; x_wconf 95' lang='lat' dir='ltr'><strong> </strong></span> 
     </span>
    </p>
   </div>
  </div>
 </body>
</html>
