2090 3838
91 191 212 243 roro
342 189 462 238 nunu.
509 171 747 242 cundddl.
885 171 952 242 181
1031 241 1032 246 ,

93 345 198 406 ‘insen’
237 347 336 406 Porro
355 347 471 406 interim
484 347 580 414 initio,
595 349 673 404 nude
695 347 768 404 niirii
791 346 955 414 timebatur,
967 338 1008 396 8⁰

90 453 151 504 ortu
163 445 270 504 seditio
284 463 373 520 prope
387 447 450 503 urbi
473 445 595 504 excidio
613 445 676 502 fuit.
732 446 892 518 Septimum
905 447 955 502 de·

91 545 197 604 cimam
208 547 369 608 cohortem,
389 543 537 601 ccoionis
553 543 683 602 Ostiensi
703 543 734 600 iu
751 547 849 600 urbem
864 543 955 600 acciri
1031 533 1032 552 ¹

94 643 321 701 Othoinsserntr
337 643 494 700 crmnndne
522 641 584 698 eius
598 659 667 698 cure
695 641 788 698 Vario
809 642 955 713 Crispino,

93 740 256 798 Tribunoe
272 741 477 806 Praetoriunic,
491 741 568 797 dcte.
610 741 648 806 lo,
662 757 720 815 quo
731 739 822 812 mogis
838 757 956 808 nocuos,

90 839 197 912 quietis
231 839 345 904 cestris,
378 838 458 894 iussa
490 845 709 912 exsequeretur,
740 838 876 896 vehiculo
909 855 956 895 co·

92 936 191 1003 hortis,
210 935 373 1008 incipiente
394 943 491 1003 nocte,
525 937 651 1002 onerari,
670 943 771 1010 aperto
797 954 957 994 ermamen-

94 1037 175 1102 tnrio,
208 1036 298 1092 iniret.
333 1039 446 1106 tempus
478 1035 509 1092 iu
542 1035 756 1105 sunrioionemr
790 1053 892 1094 course
924 1037 957 1094 in

94 1133 224 1202 crimem
254 1131 412 1189 adfectatio
431 1133 536 1206 quietio
572 1133 603 1190 in
634 1139 786 1190 tumultum
823 1135 955 1193 cruiuitr

95 1237 125 1290 et
145 1233 207 1288 viso
228 1231 307 1288 inter
319 1233 494 1308 temulentos
514 1248 603 1298 orme,
629 1231 797 1302 cupidinem
825 1234 868 1290 sui
898 1250 957 1291 mo·

93 1347 169 1388 rere.
212 1329 326 1388 Fremit
354 1330 447 1396 miles,
466 1337 496 1386 ct
529 1330 676 1388 Tribunos
707 1333 956 1406 Oentnrirrnesquc

90 1426 255 1504 proditionis
274 1428 377 1500 arguit,
399 1433 542 1503 tmnqccm
561 1427 697 1504 sorm'fr'oc
726 1431 889 1488 Senatorium
920 1429 960 1488 od

92 1524 240 1603 pernicicm
272 1523 392 1582 Otftcnt'r
410 1532 609 1583 morior:
645 1545 710 1600 pars
731 1529 825 1602 igneri
855 1537 886 1585 et
917 1530 958 1586 ri·

94 1643 131 1683 nn
148 1641 277 1700 grovero
298 1623 438 1696 pessimus
471 1625 590 1698 quisque
611 1625 642 1682 in
671 1626 857 1686 mensionem
878 1644 957 1698 prce·

95 1725 211 1782 derumr
249 1725 362 1795 vulgus,
397 1727 428 1778 ut
459 1739 522 1779 mos
549 1731 603 1789 est,
636 1724 833 1798 cuiuscunque
863 1731 957 1782 motus

97 1821 168 1883 novi
189 1820 348 1892 cupidum
370 1825 400 1875 ct
427 1821 565 1894 obsequio
585 1821 735 1878 meliorum
755 1840 813 1880 uox
834 1825 959 1882 obsiuie·

97 1928 146 1980 rot.
184 1919 383 1978 Resistentem
403 1918 541 1976 seditioni
564 1919 727 1978 Tribunum
754 1929 784 1978 et
811 1923 959 1980 severissi-

96 2037 157 2079 mos
179 2017 391 2078 centurionum
424 2020 606 2076 obtruncant.
638 2028 720 2092 rupto
739 2039 827 2088 orma,
858 2022 959 2080 nudati

95 2118 196 2194 gladii,
215 2114 377 2174 insidentes
405 2117 486 2190 cquis
507 2119 605 2176 urbem
629 2135 664 2176 uc
678 2121 816 2191 palatium
847 2114 959 2192 petunt.

96 2216 167 2274 Erat
187 2214 301 2272 Othoni
330 2216 446 2272 celebre
474 2217 655 2282 convivium,
689 2219 858 2289 primoribus
878 2219 1007 2284 femi-81

95 2315 140 2372 nis
162 2312 291 2386 virisque
304 2331 315 2367 :⁴
334 2313 384 2386 qni
404 2313 518 2384 trepidi,
539 2314 709 2371 fortuitusne
724 2315 848 2372 militurn
874 2315 959 2381 furor,

96 2429 131 2472 un
157 2413 243 2468 dotus
278 2410 471 2482 imperatorio,
502 2429 617 2468 monere
637 2429 672 2468 cc
709 2412 896 2484 deprehendi,
920 2429 959 2469 nn
1031 2419 1032 2422 ’

93 2513 192 2588 fugere
212 2530 249 2572 cc
276 2510 412 2583 dispergi,
445 2509 630 2581 periculosius
652 2509 746 2578 forem
778 2511 863 2565 modo
891 2527 960 2566 con·

94 2614 234 2672 stantium
268 2610 413 2673 sirnuinre,
445 2609 530 2666 modo
553 2608 704 2664 formidine
735 2609 843 2682 detegi,
871 2611 959 2666 simui

96 2711 223 2768 Othonis
245 2710 356 2767 ruitum
376 2706 499 2787 intueri.¹
512 2713 598 2778 utque
622 2706 733 2771 evenit,
753 2707 902 2764 inclinetis
922 2708 960 2766 ud

95 2809 291 2881 suspicionem
319 2804 472 2870 mentibus,
496 2821 563 2860 cum
587 2803 701 2860 timeret
721 2805 809 2872 Otho,
841 2805 959 2864 timebo·

95 2914 149 2966 tur.
193 2905 254 2962 Sed
267 2905 342 2960 houd
357 2919 440 2960 secus
459 2902 627 2959 discrimine
651 2905 784 2970 Senatus,
804 2923 888 2978 quam
908 2921 960 2961 suo

95 3005 224 3069 territus,
242 3007 272 3058 et
293 3000 458 3070 Praefectos
481 3001 621 3058 Praetorii
650 3003 685 3058 ud
708 3003 881 3076 mitigandus
909 3003 960 3060 mi·

96 3103 180 3162 litum
195 3100 252 3157 irus
266 3099 363 3156 stetim
375 3100 498 3170 miserat,
512 3105 541 3156 et
552 3093 631 3156 obiio
639 3095 754 3176 propere
768 3119 859 3158 omncs
872 3119 887 3158 c
899 3117 962 3158 oon·

96 3199 168 3258 oioio
188 3198 280 3254 iuusit.
323 3198 406 3254 'l'unr
418 3215 488 3254 vero
512 3198 616 3268 pressim
638 3198 832 3274 Magistratus,
852 3199 961 3272 proiec·
1031 3193 1032 3200 '

101 3297 137 3358 iic
157 3295 330 3370 insignibus,
352 3295 444 3352 vitute
462 3295 601 3355 comitum
619 3302 814 3386 etservorum
832 3297 961 3369 frequen·

101 3397 150 3464 tic,
171 3403 266 3452 senes
289 3394 480 3467 feminaeque,
510 3412 560 3466 per
580 3397 723 3458 tenebras,
743 3393 858 3447 diversa
885 3391 961 3446 urbis

137 3511 208 3550 ron.
231 3510 265 3550 rr.
440 3517 443 3523 ¹
546 3494 581 3544 16
