2114 3830
107 209 238 259 s.e.rr.
328 209 399 258 ura.
426 209 472 258 rr.
521 211 601 259 cur.
630 189 687 260 69.
714 191 773 259 70.
906 191 973 300 Stil

107 367 249 431 rum,‘ut
269 365 450 422 abstinerent
477 365 572 432 armis,
596 365 803 438 inpenetrabili
834 365 923 422 venia
950 370 980 422 et

109 463 239 535 &paratis
252 464 495 535 deprecatoribus,
505 465 531 520 si
546 463 726 536 {meniteret’
767 464 888 520 Restitit
902 463 981 520 idem

110 561 302 630 Valentinus,
328 563 526 636 obstruxitque
546 563 678 620 civitatis
698 581 767 619 suae
788 580 879 628 aures,
905 564 981 620 haud

108 661 234 733 perinde
260 661 429 719 instruendo
464 663 541 718 bello
568 662 706 729 intentus,
735 679 820 734 quam
848 662 981 736 frequens

105 759 310 816 concionibus.
351 760 443 833 Igitur
457 777 516 817 non
541 760 677 827 Treveri,
698 778 791 834 neque
817 759 976 834 Lingones,
993 755 1033 818 70

105 850 270 915 ceteraeve
284 859 434 916 rebellium
461 859 607 925 civitates,
628 875 680 931 pro
701 859 901 932 magnitudine
922 879 981 917 sus·

109 956 194 1029 cepti
206 955 382 1013 discriminis
406 975 500 1032 agere.
542 958 570 1013 N
573 975 590 1014 e
606 958 704 1014 Duces
718 959 834 1032 quidem
848 958 878 1015 in
894 973 982 1016 uuum

109 1059 275 1113 consulere.
317 1057 376 1112 Sed
399 1057 505 1114 Civilis
528 1056 598 1112 avia
619 1057 774 1129 Belgarum
788 1057 980 1114 circumibat:

107 1156 181 1213 dum
195 1155 349 1212 claudium
364 1157 532 1213 Labeonem
555 1173 660 1229 capere
674 1163 723 1213 aut
748 1160 901 1214 exturbare
917 1149 982 1216 nili·

109 1259 168 1312 tur.
222 1255 379 1322 Classicus,
408 1271 497 1327 segue
531 1256 698 1329 plerumque
728 1256 819 1313 otium
854 1258 981 1326 trulrens,

111 1355 195 1410 velat
207 1358 289 1426 parto
302 1353 423 1426 imperio
431 1351 584 1412 fruebatur.
625 1353 673 1410 Ne
688 1353 784 1411 Tutor
797 1355 913 1428 quidem
924 1373 982 1414 ma·

110 1451 222 1514 turavit
246 1452 422 1524 superiorem
448 1451 623 1526 Germaniae
647 1451 739 1524 ripam
763 1458 793 1509 et
815 1455 903 1510 ardua
930 1457 982 1512 Al·

110 1550 193 1625 pium
209 1550 360 1622 praesidiis
374 1551 519 1608 claudere.
562 1552 661 1624 Atque
684 1550 800 1608 interim
815 1553 982 1610 unaetvice-

106 1649 187 1707 sima
200 1651 278 1722 legio
292 1628 481 1716 Vindonissa,
497 1649 638 1706 Sextilius
663 1649 751 1706 Felix
773 1666 839 1706 cum
860 1651 983 1708 auxilia·

111 1745 173 1807 riis'
192 1747 359 1805 cohortibus
380 1765 430 1821 per
442 1743 577 1806 Raetiam
593 1747 767 1821 inrupersr
776 1749 913 1805 Accessit
934 1751 982 1806 ala

111 1847 321 1921 Singularium,
341 1847 439 1904 excita
460 1847 561 1904 olima
583 1847 716 1917 Vitellio,
743 1846 849 1904 deinde
862 1847 894 1905 in
920 1865 980 1921 par·

108 1953 157 2004 tes
171 1945 348 2018 Vespasiani
370 1952 541 2018 trangressa.
583 1945 720 2002 Praeerat
744 1946 834 2004 lulius
859 1947 979 2022 Brigan-

106 2045 197 2112 ticus,
228 2059 327 2100 sorore
361 2043 469 2101 (livilis
504 2043 628 2116 genitus,
664 2049 695 2100 ut
721 2045 810 2102 terme
836 2049 979 2104 acerrima

108 2145 306 2218 proximorum
319 2142 388 2200 odia
410 2148 486 2210 sunt,
499 2143 611 2200 invisus
625 2147 771 2202 avunculo
783 2145 977 2220 iuleususque.

95 2239 214 2319 ‘Tutor'
244 2242 442 2300 Treverorum
478 2241 586 2314 copias,
627 2242 740 2300 receuti
779 2243 977 2317 vangionum,

107 2341 307 2410 Caracallum,
345 2339 536 2398 Triboccmm
563 2341 679 2397 delectu
706 2345 816 2410 auctas,
837 2349 977 2401 veterano

108 2439 209 2514 {redite
237 2444 323 2512 atque
351 2438 448 2513 equite
484 2439 619 2506 tirmavit,
645 2439 794 2511 corruptis
829 2457 891 2514 spe,
926 2447 977 2498 aut

107 2543 190 2597 metu
230 2536 356 2594 subactis
382 2537 569 2609 legionariis:
602 2537 652 2613 qui
687 2538 779 2611 primo
817 2542 975 2610 cohortem,

108 2635 298 2711 praemissam
312 2653 330 2692 a
346 2635 473 2693 Sextilio
496 2635 609 2704 Felice,
630 2635 823 2708 interficiuut3
843 2657 910 2712 mon
925 2641 975 2698 ubi

109 2737 212 2795 Duces
225 2735 427 2808 exercitusque
441 2735 588 2792 Romanus
601 2736 838 2810 propinquabunt,
852 2739 974 2797 honesto
1055 2753 1056 2758 ’

108 2833 268 2908 transfugio
282 2833 408 2890 rediere:
429 2834 537 2892 secutis
562 2834 699 2892 'l'ribocis
714 2836 973 2914 Vangionibusque
1001 2871 1016 2892 ,

107 2917 140 2992 et
163 2932 362 2992 (icruentibus.
403 2933 507 3000 Tutor,
529 2933 670 2990 Treveris
693 2933 907 3003 comitantibus,
931 2938 973 2995 vi·

108 3039 172 3094 tato
199 3032 396 3107 Magoutiaco,
426 3033 564 3108 Bingium
591 3034 746 3104 concessit,
779 3037 869 3094 tideus
896 3041 972 3108 loco,

107 3134 177 3212 quia
199 3137 317 3206 pontem
331 3133 437 3190 Navae
454 3132 581 3190 fluminis
604 3135 764 3207 abruperat,
784 3136 835 3191 sed
855 3135 972 3196 incursu

106 3232 278 3298 cohortium,
304 3247 375 3304 quas
403 3229 543 3289 Sextilius
566 3231 700 3301 ducebat,
724 3237 754 3288 et
781 3237 894 3304 reperto
920 3252 970 3293 va·

104 3335 153 3398 do,
178 3330 305 3404 proditus
323 3329 465 3404 lususque.
505 3329 551 3388 Ea
570 3331 654 3388 clade
680 3329 806 3404 perculsi
821 3329 968 3405 Treveri3

105 3436 138 3489 et
171 3431 281 3503 plebes,
306 3428 421 3490 omissis
446 3427 542 3499 armis,
576 3446 627 3502 per
652 3445 735 3504 agros
768 3429 888 3501 palatur.
908 3431 967 3505 qui-

147 3545 218 3585 vcn.
239 3545 273 3584 ιι.
548 3527 586 3580 83
