2090 3838
77 217 143 288 ras
391 237 642 306 nrsrosnsrrr
789 237 819 286 a.
836 235 866 286 v.
882 239 937 287 sm

70 395 118 448 ‘et
132 390 244 450 inmoto
262 391 320 458 die,
342 392 380 448 ab
402 390 564 448 Occidente
584 389 616 448 in
636 387 789 447 Orientem
813 405 941 446 convcr-
994 371 999 384 ⁸

71 493 168 546 ‘sams
188 491 367 562 prolocutum
388 489 418 546 in
441 487 554 544 Etruria
575 489 695 544 bovem:
719 485 851 544 insolitos
872 487 938 544 ani·

71 587 209 644 ‘mallum
224 592 319 658 partus
329 583 345 641 ι’
358 591 389 642 ct
403 587 484 657 plura
496 585 564 650 alia,
578 585 694 642 rudibus
704 583 830 640 ramulis
844 584 938 640 etiarn

9 759 10 764 ἵ
72 685 103 741 in
118 701 191 758 pace
204 687 366 750 observata,
379 701 451 757 quae
465 701 544 740 nnnc
558 689 669 740 tantum
681 682 710 738 in
726 687 803 738 metu
815 683 938 742 audiun·

30 837 33 849 ,
71 787 125 839 tur.
167 784 228 844 Sed
252 781 421 854 praecipuus
440 786 550 838 etcum
564 780 709 853 praesenti
731 779 824 836 exitio
845 779 938 837 etiarn
969 835 974 845 ,

23 860 33 980 ,ἶ
71 880 157 938 lutari
185 897 284 953 paror,
310 879 405 936 subita
430 879 621 936 inundatione
649 879 782 936 Tiberis:
816 879 866 953 qni
893 881 937 936 in-

72 995 174 1036 menso
197 983 293 1042 auctu,
316 981 431 1049 proruto
450 981 540 1049 ponte
555 977 704 1042 sublicio,
714 993 750 1034 ac
774 983 871 1051 strage
885 979 937 1034 nb-
1036 989 1037 1004 ¹

72 1076 176 1132 stantis
199 1075 282 1132 molis
309 1073 426 1142 retusus,
454 1091 512 1131 non
541 1076 626 1131 modo
652 1073 780 1131 iacentia
794 1079 823 1130 et
848 1077 938 1147 plana

72 1172 150 1228 urbis
184 1174 256 1237 loca,
283 1173 333 1228 sed
361 1189 462 1228 secura
486 1171 628 1228 eiusmodi
658 1189 776 1230 casuum
797 1171 934 1244 inplevit.
1036 1175 1037 1236 l

73 1268 323 1341 Rapticpublicn
347 1268 485 1342 plerique,
508 1271 604 1341 plures
623 1267 655 1324 in
682 1269 810 1326 tabernis
835 1275 867 1326 et
888 1287 940 1328 cu·
1036 1307 1037 1326 .

73 1365 178 1422 bilibus
189 1365 354 1439 intercepti.
396 1366 502 1424 Fames
526 1367 558 1424 in
573 1367 686 1440 vulgus,
709 1366 808 1439 inopia
836 1385 936 1441 quaes·

73 1469 119 1520 tus
143 1469 172 1520 ct
195 1463 313 1536 penuria
340 1463 550 1522 alimentorum.
605 1465 754 1537 Corrupto
777 1465 938 1538 stagnanti·

74 1563 127 1620 bus
154 1562 235 1638 aquis
262 1563 417 1640 insularum
451 1561 648 1628 fundamenta,
673 1564 753 1628 deiri,
787 1569 938 1622 remeante

68 1661 201 1737 xllunrine,
235 1661 355 1734 dilapsa.
406 1659 505 1734 thue
538 1661 661 1733 primurn
688 1677 798 1718 vacuus
821 1677 840 1717 a
863 1663 939 1734 peri-

75 1761 142 1815 culo
168 1759 279 1816 animus
306 1757 368 1826 luit,
395 1757 425 1814 id
452 1757 556 1830 ipsum,
575 1759 652 1832 quod
678 1757 792 1830 paranti
818 1761 939 1832 expedi·

75 1855 184 1912 tionem
212 1853 332 1922 Othoni,
354 1871 472 1928 campus
500 1855 623 1912 Martius
649 1859 679 1912 ct
706 1855 756 1912 vio
781 1856 939 1927 Flaminia,

74 1953 130 2010 iter
144 1953 214 2010 belli
237 1957 314 2009 esset
327 1954 365 2010 ob
384 1959 554 2010 struclnma
578 1950 702 2010 torturus
728 1955 777 2008 vel
802 1955 939 2027 naturali·

76 2052 127 2106 bus
159 2050 279 2116 caussis,
310 2049 342 2106 in
370 2051 530 2124 prodigium
557 2056 587 2107 ct
616 2067 703 2108 omen
729 2050 940 2114 inminentium
1036 2077 1037 2080 ¹

16 2147 200 2208 ¹tllnladiurn
224 2149 397 2206 vertebatur.
457 2149 544 2216 orbo,
566 2151 685 2206 lrrstrata
718 2151 798 2218 urbe,
831 2157 862 2207 et
887 2169 941 2210 ex-

75 2246 173 2321 pensis
188 2246 256 2304 belli
268 2244 408 2313 consiliis,
421 2247 537 2320 quoodo
550 2246 681 2304 Peninae
696 2247 870 2322 Cottiaeque
881 2252 940 2324 ,Al-

75 2365 126 2420 pes
140 2351 170 2404 et
193 2343 284 2402 ceteri
309 2344 469 2402 Galliarum
494 2343 588 2402 aditus
611 2344 782 2402 Vitellianis
803 2347 940 2406 exerciti-

75 2448 127 2502 bus
140 2444 356 2510 claudebantur,
371 2442 591 2500 Narbonensem
605 2441 734 2500 Gallioni
748 2443 869 2517 adgredi
883 2451 942 2503 sta·

75 2542 147 2611 tuit;
167 2543 261 2598 classe
290 2540 387 2598 valida
414 2545 445 2596 ct
472 2540 599 2612 partibus
625 2539 691 2606 lida,
715 2542 790 2614 quod
813 2543 941 2618 reliquos

75 2655 223 2698 caesorum
238 2640 274 2695 nd
296 2619 413 2711 pontem
429 2619 576 2705 Miletum,
589 2645 618 2694 et
632 2637 756 2699 saevitia
778 2639 894 2698 Galbae
908 2642 941 2700 in

73 2738 234 2794 custodiam
253 2735 375 2802 habitos,
394 2735 426 2792 in
453 2749 585 2792 numeros
612 2735 736 2808 legionis
768 2753 938 2810 composue-

76 2840 137 2905 rat3
158 2834 235 2891 lacta
248 2839 278 2890 et
303 2833 409 2916 ceteris
444 2851 497 2906 spe
510 2832 703 2890 honoratioris
716 2841 719 2849 '
732 2833 763 2890 in
790 2842 940 2906 posterum

76 2931 207 2990 militiae.
250 2931 375 2988 Addidit
393 2931 480 2988 classi
491 2932 615 2988 urbanas
627 2931 761 2988 cobortes
782 2938 813 2988 et
832 2935 940 3006 pleros·

77 3047 131 3106 que
153 3047 170 3087 e
193 3028 397 3094 Praetorianis,
417 3028 494 3085 vires
515 3033 545 3086 ct
572 3031 655 3085 robor
675 3029 830 3096 exercitus,
852 3035 940 3106 atquc

75 3127 147 3202 ipsis
165 3127 296 3186 Ducibus
315 3127 469 3184 consilium
484 3132 513 3182 et
526 3127 671 3184 custodes.
714 3128 834 3184 Summa
848 3147 939 3202 cxpe-

77 3225 197 3282 dilionis
211 3222 342 3282 Antonio
363 3225 501 3290 Novello,
529 3223 639 3280 Suedio
664 3225 821 3291 Clementi,
843 3227 940 3298 primi·

78 3321 226 3392 pilaribus,
247 3319 376 3376 Aemilio
395 3319 529 3386 Pacensi,
551 3321 598 3376 cui
619 3321 817 3394 ademptumst
842 3323 940 3382 Galba

80 3401 274 3476 Tribunatum
294 3416 465 3484 reddiderat,
495 3418 642 3492 permissa.
682 3419 792 3480 Curam
818 3422 941 3482 navium
