2100 3816
102 209 213 259 acro.
323 209 394 257 uns.
420 210 443 258 1.
495 207 571 258 car.
599 192 656 258 15.
685 187 741 257 16.
884 185 954 258 139

101 364 276 429 ‘interamna
303 362 445 420 felicitate
469 364 688 436 conrumpimur.
737 364 851 430 Fidem,
867 347 954 422 ilber-

102 464 210 527 ‘tatem,
232 461 402 527 amicitiam,
427 462 581 534 praecipua
608 463 725 519 humani
752 463 841 520 animi
869 465 953 532 bona,

101 561 145 614 ‘tn
172 561 284 632 quidem
310 561 414 616 eadem
445 559 610 618 constantia
644 562 797 618 retinebis:
824 564 874 618 sed
903 561 954 620 alii

102 661 164 728 ‘per
192 658 362 731 obsequium
395 657 568 715 inminuent.
630 659 777 730 inrumpet
819 659 954 727 adulatio,

104 755 274 821 blanditiae,
301 754 457 828 pessimum
481 756 543 818 veri
570 754 701 814 adiectis
728 761 883 825 venerium,
904 774 956 815 sua

103 853 215 927 ‘coique
249 853 368 910 utilitas.
419 853 491 926 Ego,
513 871 548 911 ac
570 860 609 922 tu,
632 855 846 928 simplicissime
879 855 956 913 inter

101 956 163 1008 ‘nos
182 952 271 1008 bodie
294 952 453 1024 loquimur:
473 951 564 1008 ceteri
587 952 723 1010 libentius
747 971 813 1012 cum
843 955 956 1012 iortnns

100 1055 215 1115 ‘nostra,
242 1067 330 1123 quarn
357 1050 518 1106 nobiscum.
572 1051 648 1106 Nam
673 1053 793 1108 suadere
821 1043 956 1127 principi,

100 1150 183 1222 ‘quod
197 1155 340 1218 oporteat,
360 1148 443 1204 multi
459 1149 578 1204 laboris:
600 1150 763 1206 adsentatio
783 1169 850 1226 erga
875 1151 956 1209 Prin·

100 1245 205 1319 ‘cipem
219 1263 421 1320 quemcunque
434 1245 498 1303 siue
518 1245 633 1303 adiectu
655 1249 805 1321 peragitur.
847 1249 955 1316 Etiam,
969 1251 1008 1310 16

96 1344 137 1400 ‘si
154 1335 320 1402 inmensum
342 1343 461 1412 lmperii
482 1361 584 1416 corpus
605 1350 680 1402 stare
708 1362 743 1403 ac
768 1347 864 1404 librari
891 1347 956 1404 sine

97 1449 222 1498 ‘rectore
250 1447 355 1513 posset,
377 1442 480 1514 dignus
504 1459 592 1508 eram,
614 1461 631 1498 a
652 1461 709 1517 quo
738 1445 826 1516 Resp.
847 1445 956 1515 incipe·

97 1546 172 1598 ‘retr
194 1557 272 1598 nnnc
285 1558 322 1597 eo
347 1541 529 1597 necessitatis
549 1541 607 1598 iam
629 1541 739 1614 pridem
764 1545 883 1598 ventum
903 1546 958 1608 est,

97 1643 140 1696 ‘nt
160 1656 215 1697 nec
244 1655 310 1696 mea
335 1645 468 1695 senectus
493 1639 624 1720 conterre
650 1641 712 1711 plus
738 1639 850 1710 Populo
873 1640 957 1696 Rom.

97 1738 209 1810 ‘possin
243 1755 328 1812 quam
356 1737 461 1792 bonnm
496 1751 701 1804 successorem,
722 1747 785 1794 'nec
820 1741 867 1794 tue
893 1739 957 1810 plus

96 1836 240 1902 ‘iuventa
275 1851 361 1909 quam
388 1837 493 1891 bonum
517 1834 692 1906 Principem.
745 1835 806 1892 Sub
834 1836 957 1892 'I'iberio

98 1940 145 1990 ‘et
158 1935 232 1992 Caio
254 1943 284 1990 et
309 1933 433 1991 Claudio
455 1933 538 1988 nnius
559 1931 686 1988 familiae
708 1933 789 2008 quasi
813 1934 957 1992 hereditas

97 2033 230 2090 'inimum
265 2035 333 2088 loco
359 2031 499 2087 libertatis
523 2031 586 2097 erit,
606 2031 680 2104 quod
702 2031 771 2104 eligi
798 2033 956 2106 coepimus.

97 2131 159 2196 ‘Et,
180 2131 263 2188 finita
286 2129 424 2186 luliornm
438 2129 680 2202 Claudiorumque
699 2131 794 2195 domo,
817 2129 958 2202 optimum

96 2225 253 2304 ‘quemque
268 2227 387 2298 adoptio
399 2227 542 2283 inveniet.
583 2227 662 2284 Nam
683 2227 815 2302 generari
841 2231 870 2282 et
894 2243 958 2282 nus-

95 2327 140 2384 ‘ci
159 2346 176 2384 a
198 2319 393 2397 Principibus,
418 2325 572 2394 fortuitum,
589 2343 652 2382 -nec
676 2329 749 2382 ultra
774 2325 956 2380 aestimatur:

96 2425 271 2498 ‘adoptandi
291 2423 430 2480 iudicium
454 2423 612 2497 integmm;
632 2431 672 2490 et,
692 2423 718 2480 si
742 2423 817 2479 velis
834 2422 957 2504 eligere,
983 2475 985 2484 ,

94 2529 257 2581 ‘consensu
272 2528 457 2578 monstratur.
500 2522 545 2578 Sit
566 2529 634 2578 aute
650 2523 749 2578 oculos
765 2521 854 2586 Nero,
869 2537 955 2594 quem

94 2625 198 2696 ‘longa
214 2622 373 2679 Caesarum
387 2619 462 2676 serie
483 2624 651 2684 tumentem,
663 2661 664 2664 ,
674 2637 732 2676 non
757 2619 878 2675 Vindex
892 2635 958 2675 oum
1003 2613 1009 2622 ’

92 2717 214 2778 ‘inermi
237 2717 399 2792 provincia,
429 2723 477 2773 aut
502 2735 557 2790 ego
583 2733 649 2773 cum
673 2733 729 2773 una
757 2717 882 2790 legione,
907 2718 958 2773 sed

119 2875 209 2930 Fidem,
227 2873 370 2932 Libertotsm]
402 2871 530 2918 Boccalinus
546 2869 648 2916 Tacitum
665 2869 746 2928 arguit,
761 2869 819 2930 quoti
828 2869 902 2928 fidem
916 2870 960 2919 νῖν·

92 2937 178 3006 tutibus
191 2933 316 2990 Principum
326 2931 574 3000 annumeraverimmm
590 2934 676 2974 tantum
704 2929 824 2975 rivulorum
834 2930 876 2999 sit:
898 2930 960 2974 Prin·

68 3007 72 3014 ι
91 2987 650 3110 qqqqnivaq‘qqulqrqqipqqtqqaotsedqqqrerqqqcanqt
661 2987 960 3106 Tacaiiirfficniiigiiiioilcarirc·

92 3127 134 3173 qne
147 3113 283 3161 Romanum,
293 3107 409 3159 dedecent,
421 3119 487 3166 penes
503 3119 557 3164 quos
571 3104 644 3150 Frons
659 3104 753 3164 primum
763 3109 787 3150 et
797 3111 960 3151 sacrosanctum

93 3167 235 3216 auctoritatis
247 3165 358 3210 vinculum
367 3179 393 3210 ac
402 3163 543 3224 praesidium.
575 3161 637 3208 Brut.

120 3247 245 3294 Jadictom
256 3243 383 3302 integrum]
418 3243 530 3298 lntegrnm
547 3241 634 3302 quidem
651 3245 685 3286 est
697 3239 795 3296 judicum
805 3239 928 3310 adoptandi
936 3244 960 3284 et

92 3307 189 3365 eligendi
201 3303 328 3361 Principes:
348 3299 463 3347 fortuitum
478 3305 552 3346 autem
568 3311 676 3356 generare
685 3308 709 3344 et
724 3298 782 3342 nasci
793 3313 805 3342 s
817 3297 958 3358 Principibus.

93 3369 124 3413 Aa
138 3365 199 3410 adeo
208 3360 333 3407 inconsulta
347 3366 397 3405 sunt
413 3357 523 3404 bominum
538 3357 630 3414 iudicia,
651 3369 676 3402 ut
691 3357 759 3412 longo
768 3355 906 3402 saeculorum
920 3369 960 3400 usu

93 3429 243 3530 snorm‘pertum,
254 3419 329 3480 plures
347 3417 407 3492 nasci
416 3415 521 3464 mammos
535 3415 675 3477 optimosque
689 3413 810 3488 Principes,
824 3427 890 3473 quam
900 3411 969 3472 eligi..

128 3498 141 3530 o
