2100 3834
82 183 155 254 ato
378 204 630 255 maronianum
804 215 834 260 a.
850 213 880 260 v.
899 217 955 264 aaa.

81 362 206 417 ‘tribuis
219 358 341 433 genitos.
382 359 483 432 Nuper
506 368 595 428 corte,
608 379 696 420 caeso
712 365 874 436 Quinctilio
889 367 954 424 Va-

81 463 143 526 ‘ro,
156 460 294 532 putiame
314 458 472 516 Germania
488 464 666 518 seruitutem.
711 464 775 520 Noc
791 465 954 523 Vitettium

81 557 278 630 ‘Principem
297 557 348 613 sed
364 557 519 616 Gaesarem
539 565 697 632 ,augustum
718 565 796 618 butio
810 582 956 633 provoca·

81 661 171 713 'tum
213 655 392 714 Libertatem
408 667 519 722 natura,
543 661 631 715 etium
656 662 741 716 mutis
764 662 953 731 animalibus,

81 755 204 812 ‘datam
235 754 383 812 Virtutem
399 757 541 829 proprium
556 760 702 815 bominum
718 763 833 816 tronum.
870 763 952 818 Deos

81 853 263 911 'tortioribus
277 855 388 910 adosse.
429 855 556 912 Proinde
570 857 732 929 adriperent
758 859 842 914 vacui
864 877 953 916 occu-

81 957 195 1024 ‘patos,
222 953 325 1026 integri
359 955 459 1011 iussus.
489 957 556 1011 dum
576 956 625 1010 aiii
651 957 874 1028 Vespasianum,
899 957 952 1014 aiii

81 1051 264 1118 ‘Viteiiium
287 1051 414 1116 foveant,
435 1059 532 1123 patere
561 1057 654 1109 iocum
679 1055 818 1111 adversus
842 1067 948 1114 utrum·

30 1160 69 1217 13
81 1155 89 1182 ‘
100 1147 175 1221 que!
216 1151 266 1206 Sic
289 1153 318 1206 in
334 1149 446 1206 Gutiias
462 1151 820 1224 Germanisqucintentus,
841 1155 866 1210 si
885 1157 950 1212 des·

80 1249 172 1304 tincta
200 1249 411 1318 provenissent,
433 1249 673 1306 validissimarum
687 1251 949 1324 ditissimarumque

80 1346 230 1404 notionum
246 1347 348 1420 Regno
375 1347 554 1404 imminebat.
598 1351 638 1405 At
668 1352 793 1407 Flaccus
819 1352 949 1408 Hordeo·

81 1445 146 1504 rrius
162 1448 265 1515 primos
281 1419 516 1502 ctvttis'conotus
527 1463 577 1517 per
587 1446 847 1504 dissimulationem
865 1449 946 1506 uiuit.

81 1545 143 1600 Vbi
157 1551 338 1615 ‘expugnata
352 1551 455 1608 castra,
469 1546 580 1601 dsistas
601 1547 743 1610 cobortes,
765 1550 876 1616 putsum
892 1549 947 1604 Ba-

82 1648 231 1700 ‘tsvorum
252 1643 345 1698 insuia
375 1642 536 1698 Romanum
563 1642 687 1708 nomon,’
710 1645 815 1715 trepidi
851 1644 948 1702 nuntii

81 1741 257 1806 adimebant,
293 1739 463 1796 Mummium
504 1743 675 1812 Lupercum,
716 1743 868 1814 Legatum,
909 1741 948 1819 (is

81 1841 199 1897 duarum
222 1839 366 1909 legionum
391 1839 517 1896 bibernis
543 1837 817 1916 praeerat)‘egredi
844 1844 947 1898 adver·

81 1942 148 1994 ‘sus
163 1932 285 1994 bostem’
299 1939 387 1994 iubet.
429 1939 577 2010 Lupercus
593 1939 765 2009 legionarios
779 1957 796 1994 e
812 1957 944 2012 praesen·

80 2035 165 2102 tibus,
180 2035 273 2092 Vbios
296 2053 313 2092 c
338 2037 484 2109 proximis,
509 2035 704 2093 Treverorum
726 2038 848 2110 equites,
868 2039 944 2094 haud

80 2135 167 2208 tange
181 2143 309 2208 agentes,
333 2135 436 2207 raptim
458 2135 624 2200 transmisit,
645 2137 743 2191 addita
764 2135 944 2192 Batavorum

80 2235 136 2299 aia,
163 2252 236 2309 quae
263 2234 322 2291 iam
348 2234 458 2306 pridem
485 2240 635 2304 conrupta,
666 2235 751 2289 fidem
778 2234 945 2301 simulabat,

79 2338 121 2399 ut,
150 2333 269 2403 proditis
297 2333 326 2388 in
364 2331 426 2404 ipsa
450 2333 514 2388 acie
544 2331 691 2392 Romanis,
716 2331 826 2386 maiore
851 2332 944 2404 pretio

79 2431 197 2504 sugeret.
253 2431 369 2496 Civilis,
395 2439 543 2502 captarum
571 2429 732 2486 cohortium
765 2430 858 2500 signis
889 2431 944 2488 cir·

80 2531 239 2595 cumdatus,
264 2537 295 2585 ut
321 2547 373 2586 suo
400 2529 485 2585 mititi
510 2545 611 2585 recens
633 2528 722 2599 gioria
743 2535 812 2583 anto
832 2531 943 2594 ocutos,

79 2633 109 2684 ct
125 2631 220 2685 bostcs
245 2627 382 2685 memoria
406 2627 497 2684 cladis
522 2632 700 2692 terrerentur,
725 2631 846 2682 matrem
861 2643 942 2684 suam

79 2744 254 2799 sororesque,
272 2727 355 2782 simui
375 2725 503 2782 omnium
525 2726 663 2798 coniuges
687 2741 847 2798 parvosque
873 2725 942 2781 tibe-

78 2841 134 2887 ros,
147 2823 306 2879 consistere
321 2841 337 2879 a
352 2831 432 2896 tergo
458 2824 552 2880 iubet:
585 2823 768 2879 hortamenta
789 2821 944 2890 victoriae,

78 2923 128 2977 vei
155 2921 244 2993 puisis
272 2923 417 2993 pudorem.
472 2922 515 2978 Vt
543 2921 668 2978 virorum
696 2928 793 2986 cantu,
821 2921 942 2977 semina-

78 3035 141 3076 rum
163 3021 282 3085 ulutatu,
305 3019 401 3076 sonuit
423 3020 512 3088 acies,
535 3035 713 3094 nequaquam
737 3037 788 3090 par
812 3037 830 3075 a
854 3021 941 3092 tegio·

78 3179 228 3240 tribuumque
237 3177 340 3232 instituit,
355 3179 413 3237 quod
430 3179 552 3238 ponderant
567 3179 635 3226 Galli.
651 3179 717 3238 idque
732 3177 754 3224 in
768 3178 893 3224 Conmiatu
903 3192 942 3226 suo

78 3239 179 3340 bsptilmc.
197 3237 247 3340 hqd
256 3249 322 3295 quam
337 3236 447 3282 rationem
463 3237 519 3283 nibil
535 3237 623 3284 absurdi
640 3245 678 3283 aut
693 3238 744 3284 rani
754 3237 777 3282 in
788 3238 942 3284 bacorstione

99 3310 166 3340 rurus.
226 3308 259 3350 ps.

108 3371 252 3430 Ncqsaupmm
260 3369 311 3430 por]
342 3368 407 3420 Quod
418 3371 485 3416 vaide
496 3371 592 3418 Romani
602 3373 759 3427 observabant,
770 3379 792 3417 ct
803 3373 866 3418 veiut
875 3388 941 3422 omen

79 3425 192 3474 habebant
208 3434 307 3474 eventus.
340 3429 454 3487 appianus
473 3427 496 3473 in
520 3429 629 3498 Part-tricis
645 3434 683 3480 27.
714 3431 809 3478 Crassus
826 3433 893 3478 iussit
909 3447 942 3480 cos
