2158 3820
106 139 153 206 34
427 153 613 204 aunanrrn
828 155 859 204 a.
874 153 905 202 v.
921 155 978 202 are.
1069 157 1070 190 t

4 289 5 298 ἵ
106 309 141 368 1..
177 307 283 366 Asinio
313 323 392 366 coss.
415 309 562 378 Antistius
585 309 713 370 Praetor,
735 325 821 383 qoem
851 307 880 366 in
903 307 975 365 n'ri·

105 408 220 464 bunatu
243 408 334 479 plebis
372 408 495 466 licenter
526 409 621 482 egisse
661 407 829 472 memoravi,
860 409 978 492 probro·
1070 447 1071 484 ,

105 523 138 564 sn
162 507 301 574 adversus
337 508 502 581 Principem
529 508 658 564 carmina
684 508 841 574 factitavit,
874 509 978 580 vulga·
1070 557 1071 564 ,

106 604 210 679 vitque,
227 609 336 664 celebri
351 608 502 674 convivio,
523 625 588 664 cum
604 609 678 678 apud
700 607 846 664 Ostorium
864 607 978 678 Scapu-

106 705 164 761 lam
189 707 330 776 epulatur.
385 707 463 763 Exin
492 725 509 762 a
537 707 712 763 Cossutiano
740 707 896 776 Capitone,
923 703 977 778 qui

105 821 199 876 nuper
214 806 398 862 Senatorium
424 807 565 870 ordinem,
591 806 724 878 precibus
749 804 903 877 Tigellini,
928 821 978 860 so-

104 905 167 961 ceri
187 905 241 968 sui,
258 909 415 976 receperat,
430 905 590 962 maiestatis
599 907 712 960 delatus
727 911 781 961 est.
824 903 904 960 'l'um
919 900 977 975 pri-

105 1021 183 1061 mum
198 1010 335 1060 revocata
351 1021 387 1060 ea
412 1006 459 1060 lex
477 1025 483 1058 :
504 1007 734 1077 credebaturque
757 1003 833 1060 haud
853 1001 977 1075 perinde

105 1099 228 1156 exitium
256 1098 394 1164 Antistio,
421 1116 506 1174 quarn
523 1099 692 1172 lmperalori
719 1098 810 1172 gloria
834 1096 977 1170 quaesita,

105 1201 136 1254 ut
159 1198 368 1254 condemnatus
389 1198 542 1262 aSenatu,
563 1191 772 1254 intercessione
798 1194 977 1270 Tribunicio

105 1295 190 1352 morti
204 1295 388 1353 eximeretur.
430 1296 478 1362 Et,
492 1313 558 1352 cum
580 1296 720 1362 Ostorius,
733 1293 806 1352 nituit
825 1291 978 1362 audivisse,
1025 1338 1029 1342 .

106 1411 157 1468 pro
173 1395 339 1452 testimonio
360 1394 494 1460 dixisset,
517 1395 648 1452 adversis
671 1395 791 1452 testibus
811 1394 975 1452 creditum:

105 1495 275 1568 censuitque
291 1495 390 1554 lunius
406 1495 555 1560 lilarulius,
570 1495 679 1552 Consul
702 1494 878 1568 designatus,
893 1500 901 1526 ‘
914 1493 978 1552 adi·

106 1595 261 1652 ‘mendam
275 1611 324 1652 reu
340 1595 515 1662 Praeturam,
536 1595 756 1667 necandumque
784 1583 863 1650 more
884 1593 977 1652 maio·

69 1733 76 1746 .
106 1692 206 1750 ‘runc'
247 1694 361 1751 Ceteris
375 1695 443 1750 inrle
457 1693 691 1756 assentientibus,
707 1693 814 1750 Paetus
829 1693 977 1762 Thrasea,

106 1794 196 1848 multo
233 1809 300 1850 cunr
332 1792 440 1848 honore
463 1792 606 1858 Caesaris,
643 1798 673 1849 et
706 1793 847 1850 acerrime
879 1793 978 1850 incre·

106 1888 168 1964 pilo
185 1889 324 1958 Antistio,
346 1896 433 1956 ‘nom
454 1890 591 1966 quidquid
612 1907 722 1948 nocens
748 1909 812 1951 reus
837 1891 896 1966 pati
914 1907 976 1949 me·

106 1994 245 2055 ‘reretun
268 1989 306 2058 id,
328 1990 446 2064 egregio
465 1992 517 2046 sub
544 1989 743 2062 Principe,·et
768 1992 849 2048 nulla
873 2007 976 2047 neces·

106 2086 215 2144 ‘ritate
237 2088 376 2145 obstricto
397 2089 516 2156 Senatu,
530 2091 725 2157 statuendum,
748 2088 892 2146 disseruit.
913 2105 978 2148 car·

105 2186 241 2244 ‘nilicem
263 2192 293 2243 et
307 2189 440 2262 laqueum
462 2189 572 2260 pridem
587 2187 711 2266 abolita:
733 2193 763 2246 et
777 2205 841 2246 esse
864 2205 976 2261 poenas

105 2286 236 2362 ‘legibus
249 2286 430 2354 constitutas,
444 2286 553 2362 quibus,
567 2286 630 2344 sine
653 2286 781 2344 iudicum
801 2287 927 2346 saevitia
942 2291 975 2346 et

104 2391 284 2459 ‘temporum
298 2385 425 2451 infamia,
448 2385 592 2458 supplicia
615 2386 849 2444 decernerentur.
892 2385 975 2458 Quin

106 2483 156 2542 ‘in
181 2485 285 2552 insula,
322 2483 477 2558 publicatis
505 2483 597 2550 bonis,
625 2502 681 2558 quo
706 2486 821 2560 longius
858 2491 975 2544 sontem

105 2583 216 2640 ‘vitam
230 2582 375 2650 traxisset,
396 2599 432 2640 eo
454 2583 589 2656 privatim
615 2583 801 2651 miseriorem,
826 2588 856 2640 el
881 2583 975 2657 publi·

52 2677 363 2743 49‘caeclementiae
378 2685 536 2744 maximum
559 2689 725 2759 exemplum
740 2684 882 2746 tatarum?
924 2688 976 2748 Li·

105 2787 201 2842 bertas
224 2783 376 2841 Thraseae
399 2783 550 2842 servilium
575 2785 697 2844 eliorum
718 2786 802 2858 rupit.
830 2791 870 2854 et,
895 2794 976 2860 post·

106 2882 408 2960 quamdiscessionem
417 2883 529 2942 Consul
543 2885 722 2958 permiserat,
729 2884 856 2958 pedibus
867 2884 899 2944 in
911 2905 978 2946 sen·

135 3057 292 3105 Intercesrione
311 3057 442 3119 tribunicia]
482 3058 641 3106 lntercessione
659 3058 727 3121 ipsius
746 3059 864 3107 Caesaris:
885 3061 925 3123 qni
945 3062 979 3110 itu

105 3117 237 3166 elementiae
246 3116 339 3175 gloriam
349 3123 447 3178 pararet.
477 3117 537 3174 lips.
572 3119 605 3164 Ad
616 3118 687 3166 instar
698 3120 791 3179 Augusti
804 3123 822 3175 l,
833 3122 855 3166 Ἄ.

136 3195 270 3243 Notandum
285 3211 345 3242 crore
360 3195 479 3256 neniarum]
511 3195 614 3242 lllecandi
630 3212 685 3244 vero
700 3212 762 3244 more
777 3199 895 3269 maiouim,
911 3199 978 3258 juxta

107 3255 240 3314 Eutropium
258 3254 314 3304 vn
329 3270 398 3312 poena
413 3259 460 3300 erut
478 3255 536 3307 tolie,
554 3259 580 3301 ul
598 3258 676 3304 nudus
696 3273 737 3314 per
753 3257 871 3314 publicum
886 3257 979 3317 cinctus,

99 3314 173 3373 fureo
183 3314 249 3371 copiti
258 3314 306 3373 eius
322 3314 414 3368 inserto,
433 3313 505 3372 virgo
524 3327 594 3372 usque
607 3316 638 3363 od
651 3321 745 3366 ¹rrrortrru
760 3317 895 3376 mederetur,
911 3323 980 3380 elque

107 3373 139 3431 nr
146 3373 330 3433 praecipitaretur
339 3373 367 3420 de
376 3385 433 3419 roua.
