2100 3834
56 185 196 236 norn.
271 163 746 236 urn.1rr.onr.lll.-·83.
871 163 944 238 stu

57 342 188 400 ‘urbem
197 339 437 416 ingrederentur?
471 341 946 416 Ratioounatondlnenrperatuu

61 441 184 516 proelio
199 442 294 508 milon,
315 459 376 500 non
397 443 513 516 populo,
528 459 587 502 uon
609 443 743 508 Senatui,
769 462 806 505 na
828 443 947 512 templi·

62 543 189 616 quidem
202 557 239 599 ao
253 541 381 600 delubria
393 541 523 600 Deorum
537 545 711 600 nonaulerat.
755 541 814 600 Sed
828 556 945 602 ornnem
1044 539 1045 546 ’

62 641 276 713 prolationem,
296 647 328 700 ut
357 641 508 700 iniurioaor
541 640 691 708 vintoniae,
727 643 944 714 auapeotabunt.
1044 669 1045 690 ι

64 739 169 798 Simul
197 741 338 814 lulgantia
359 759 411 814 per
439 747 531 802 oollae
556 743 678 808 vexilla,
701 759 874 817 quamquam
902 741 946 800 ln·
1044 771 1045 776 κ

63 839 157 897 bellis
181 843 302 913 populun
323 850 500 916 sequeretur,
527 842 658 914 spaniam
689 841 804 900 hortilia
834 839 946 898 exerui·

64 942 117 998 tua
146 939 294 998 iecerunt.
335 941 502 1014 'l'ripartito
527 943 654 1016 agroino,
689 957 763 1014 paru,
796 945 827 998 ut
859 937 946 996 attuli·

64 1041 157 1102 terat,
181 1037 408 1105 Flaminiana,
430 1059 494 1114 pare
525 1041 607 1100 iuxtn
638 1040 730 1111 ripam
760 1037 882 1096 'l'iberia
902 1037 946 1096 in·

64 1139 182 1206 oeaaitr
213 1139 329 1196 tertium
359 1155 463 1213 agmen
487 1157 537 1212 per
558 1140 702 1196 Salariam
724 1138 861 1196 Collinae
883 1153 945 1208 por-

68 1242 124 1296 tae
156 1237 376 1312 propinquabat.
421 1239 509 1296 Plebn
539 1238 667 1296 inventis
694 1238 838 1310 equitibus
865 1237 944 1294 luaar

69 1336 161 1396 miter
176 1335 354 1394 Vitellianus
374 1337 459 1394 trinio
483 1344 514 1394 nt
540 1337 601 1409 lpse
631 1336 781 1421 prraenidlia
808 1336 943 1394 ooourrit.

68 1435 192 1494 Proelia
217 1441 286 1492 anta
310 1439 409 1493 urbem
430 1438 520 1493 rnulta
536 1441 565 1492 et
589 1435 687 1500 veria:
715 1435 766 1490 ned
782 1434 945 1502 Flavianis.

69 1535 201 1592 nonaillo
223 1535 338 1594 Donum
361 1535 585 1607 praestantibus,
598 1534 712 1602 ruepior
734 1549 876 1606 prospera.
918 1531 946 1589 li

69 1639 189 1692 tantum
202 1634 364 1692 oonfliututi
378 1644 454 1701 aunt,
475 1634 524 1709 qui
545 1633 574 1690 io
597 1639 707 1706 purtem
734 1632 882 1688 uluietranr
903 1645 946 1686 ur·

71 1733 131 1798 bie,
152 1736 189 1792 ad
220 1733 413 1792 Sallustianos
433 1735 541 1799 horlon,
566 1751 617 1806 par
635 1739 756 1804 augusto
784 1737 813 1786 et
837 1727 947 1786 lubriou

72 1833 192 1892 viarum
226 1832 377 1890 flexerant.
433 1834 638 1904 Superataotau
678 1829 811 1888 manerii·
852 1829 947 1886 horto·

72 1951 141 1994 rnm
170 1932 334 1997 Vitelliani,
359 1933 396 1988 ad
422 1947 519 1988 aerum
543 1947 632 2004 unque
651 1929 739 1996 diam,
759 1929 838 1986 annia
869 1927 946 2000 pilia·

73 2051 134 2109 que
163 2035 319 2090 autreuntea
352 2031 509 2088 aroabantz
541 2031 637 2087 donau
660 2031 697 2086 alr
723 2029 876 2103 equitibus,
896 2025 946 2102 qui

74 2138 165 2210 porta
194 2129 313 2190 Collina
333 2130 510 2204 inruperant,
542 2129 828 2186 circumvenirentur.
870 2127 947 2184 lion·

73 2249 195 2296 nmero
219 2238 249 2288 et
269 2231 301 2288 in
321 2245 425 2301 onmpo
461 2228 570 2286 Martio
601 2228 726 2284 inleatao
758 2226 847 2290 neieu.
889 2225 947 2282 Pro

76 2330 236 2394 Flavianis
262 2328 391 2386 Fortuna
404 2333 435 2384 at
462 2335 542 2401 parta
557 2326 665 2384 totiens
681 2325 821 2393 riotorlar
851 2321 948 2380 Vital-

74 2429 153 2489 liaui
171 2429 374 2501 daaperutiona
386 2429 450 2484 nola
463 2429 602 2484 ruebant:
629 2432 668 2494 et,
691 2440 863 2500 quemquam
887 2423 948 2496 pul·

76 2527 116 2594 ai,
142 2543 237 2586 ruraun
267 2527 301 2584 in
329 2528 399 2584 urbe
427 2527 686 2599 congregabantur.
741 2524 853 2582 Aderat
879 2534 1001 2596 pun-33
1044 2507 1045 2512 ¹

78 2626 219 2688 nantibus
245 2629 393 2699 rpeotalor
419 2625 550 2698 populun,
584 2629 671 2698 utque
694 2621 726 2680 iu
753 2622 865 2680 ludioro
887 2635 948 2679 aar·

79 2727 204 2795 tamine,
230 2727 291 2791 noe,
316 2739 409 2782 ruraur
435 2724 502 2780 illoa
529 2725 657 2781 olnmore
683 2727 714 2779 et
741 2723 842 2796 pluuru
867 2720 949 2778 iove·

78 2830 149 2886 luat:
188 2825 322 2900 quotient
353 2839 418 2895 pare
444 2824 535 2890 alteru
560 2821 742 2888 inelinauret,
769 2821 883 2878 abditos
916 2819 949 2878 in

80 2925 221 2992 tabernis,
241 2929 301 2991 ant,
324 2923 350 2980 ol
371 2941 457 2998 quam
478 2922 509 2980 in
536 2923 653 2980 domurn
674 2919 866 2994 perfugerant,
886 2915 950 2978 erui

81 3022 263 3102 iugularique
283 3023 512 3095 expostulantes,
533 3026 614 3096 parte
634 3013 742 3078 maiore
757 3020 881 3093 praedae
901 3033 949 3091 po·

83 3125 238 3184 liniantur.
260 3139 337 3188 uam,
357 3121 450 3180 milite
470 3121 506 3177 nd
534 3117 705 3192 sanguinem
725 3121 756 3174 et
775 3119 881 3175 nuenton
900 3115 950 3172 olr-

84 3241 182 3291 narao‚
205 3221 299 3294 npolia
321 3219 353 3278 io
378 3221 481 3293 vulgus
494 3219 648 3276 cadebant.
691 3219 839 3276 Sarrano
858 3213 950 3270 delor-

84 3325 142 3385 rnia
157 3323 226 3380 urbe
247 3327 308 3378 tota
320 3319 421 3378 lenire.
442 3317 513 3374 alibi
534 3316 643 3390 proelia
666 3319 698 3373 et
720 3315 861 3381 vuluera3
879 3309 951 3368 alibi

83 3425 223 3486 ballum
247 3419 449 3495 popiuaeque:
475 3415 563 3474 aimul
583 3429 667 3472 eruor
684 3417 717 3468 at
735 3415 829 3468 rtruaa
851 3421 951 3479 eorpo-
