2100 3834
85 189 117 240 s.
136 189 223 240 cco
319 185 468 238 mmm.
520 189 601 237 (aar.¹
624 167 794 238 ‘tu-80.
895 169 967 242 317

86 335 221 404 ‘cuncta
236 337 435 409 testinatione,
449 345 556 404 deinde
570 345 689 421 ignaria
711 346 826 414 Sabini,
847 363 969 420 conrup-

85 449 95 477 ‘
109 448 160 501 ta:
175 445 224 518 qui
234 445 360 516 sumptis
374 451 482 503 temere
495 447 592 510 armis,
602 447 825 510 munitissimam
836 443 970 520 capitolii

87 547 223 612 ‘arcem‚
237 553 266 602 et
282 563 319 601 ne
335 546 446 618 magnis
471 545 587 619 quidem
614 546 795 603 exercitibus
822 559 970 618 expugna·

86 645 215 710 ‘bitem
240 637 379 702 adversus
415 645 464 702 tris
498 646 633 704 cohortes
667 647 741 704 tueri
773 640 969 720 nequivisset?

84 742 179 800 Haud
194 741 282 799 facite
305 733 368 817 quis
384 743 433 800 uni
455 744 656 817 adsignaverit
671 747 796 816 culpam.
810 761 883 818 quae
910 759 969 800 om·

84 841 173 898 nium
188 841 252 897 fuir.
274 859 341 898 narn
355 847 385 898 et
412 842 565 900 Mucianus
592 843 734 918 ambiguis
759 841 888 916 epistolis
905 842 965 900 vic·

85 943 170 997 tores
187 941 358 1007 morabatur,
381 946 411 998 et
439 942 585 999 Antonius
611 949 796 1014 praepostero
819 941 967 1014 obsequio,

86 1041 153 1104 vel,
177 1039 249 1095 dum
262 1039 366 1114 regerit
389 1040 543 1106 iuvidiam,
557 1041 669 1098 crimen
684 1041 797 1098 meruit.
819 1041 967 1116 ceterique

86 1129 206 1203 Duces,
226 1137 295 1195 dum
323 1146 472 1212 peractum
501 1141 609 1198 beilum
643 1145 754 1214 pariant,
783 1141 869 1197 finem
904 1140 967 1198 eius

87 1236 287 1310 insignivere.
351 1239 399 1294 Ne
429 1237 551 1294 Petilius
585 1239 701 1312 quidem
735 1239 869 1305 Cerialis,
900 1257 968 1298 cum

85 1335 174 1394 mitia
216 1317 364 1410 equitibus
393 1337 577 1409 praemissus.
613 1343 643 1394 ut
678 1340 849 1396 transversis
883 1338 968 1396 itine-

87 1435 172 1493 ribus
202 1453 255 1508 per
281 1451 379 1508 agrum
416 1436 557 1492 Sabinum
590 1435 703 1494 Salaria
723 1437 772 1492 via
793 1439 891 1493 orbern
926 1438 968 1494 im

89 1535 209 1601 troiret,
244 1533 314 1590 satis
349 1540 563 1591 maturaverat:
597 1536 691 1594 donec
719 1535 830 1592 obsessi
859 1534 968 1608 capito

88 1635 128 1694 lii
164 1634 244 1692 fama
277 1641 400 1692 cunctos
432 1635 516 1692 simut
549 1636 672 1692 exciret.
734 1633 881 1692 Antonius
918 1635 1023 1706 perta

93 1733 279 1792 Flaminiam
313 1734 350 1789 ad
373 1734 454 1790 Saxa
482 1735 575 1799 rubra,
596 1736 687 1791 mutto
712 1733 771 1790 iam
802 1734 905 1799 noctis,
925 1751 968 1790 so·

92 1851 160 1892 rum
183 1831 324 1888 auritium
356 1831 448 1888 venit.
490 1831 556 1889 lttic
579 1831 784 1889 ‘interiectum
817 1832 967 1902 Sabinum,

89 1923 309 2004 ‘'conflagraase
351 1929 534 2002 capitolium,
576 1935 699 1987 tremere
738 1930 857 1997 urbem’
891 1949 968 1988 mas

91 2037 140 2092 sta
154 2031 256 2088 omnia
276 2029 411 2103 accepitr
433 2032 568 2104 ‘plebem
592 2047 704 2104 qnoque
724 2035 754 2086 et
774 2030 895 2088 servitio
916 2047 969 2103 pro

90 2131 243 2188 ‘Vitsttio
262 2127 384 2194 armari?
412 2129 607 2186 nuntiabatur.
647 2129 688 2187 Et
715 2128 823 2185 Potitio
857 2127 967 2185 Ceriali

90 2235 229 2305 equestre
250 2227 391 2302 proelium
412 2229 566 2285 adversum
597 2227 698 2284 iuerat.
726 2243 850 2300 namque
871 2225 967 2282 incau-

91 2336 166 2396 tum,
197 2333 228 2384 st
261 2333 408 2402 tamquam
439 2327 476 2383 ad
506 2327 603 2383 victos
632 2330 772 2390 ruentem,
801 2322 967 2390 Vitsiiiani,

91 2428 268 2486 interiectus
288 2425 378 2501 equiti
408 2427 509 2500 pedes,
538 2441 691 2498 excepere.
712 2428 869 2497 pugnatum
891 2421 966 2478 haud
1044 2495 1045 2498 Ἴ

92 2529 195 2602 procui
218 2528 298 2592 urbe,
323 2524 400 2582 inter
420 2523 555 2581 aedificia
587 2525 739 2596 hortosque
770 2527 800 2578 et
820 2520 966 2578 anfractus

94 2626 220 2683 viarum.
242 2641 316 2698 quac
349 2641 440 2698 gnara
471 2623 652 2688 Vitellianis,
679 2622 859 2694 incomperta
880 2618 967 2682 hosti-

93 2726 158 2791 bus,
179 2729 286 2781 motum
317 2724 456 2782 fecerant.
492 2741 587 2796 neque
607 2721 704 2779 omnis
723 2737 813 2796 eques
834 2735 966 2787 concors,

95 2823 245 2884 adiunctis
264 2823 445 2897 quibusdam,
466 2823 514 2897 qui
536 2839 627 2895 nuper
650 2821 726 2893 apud
757 2817 898 2876 Narniam
919 2820 967 2876 de·

95 2923 162 2989 diti,
182 2923 325 2979 torinnam
346 2921 469 2995 partium
495 2922 727 2994 speculabantur.
748 2919 862 2992 capitur
882 2919 967 2975 Prae·

96 3024 191 3082 iectus
221 3024 295 3088 atas,
325 3021 441 3078 Tullius
474 3021 653 3078 Flavianus:
685 3019 775 3076 ceteri
797 3019 881 3076 foeda
900 3018 967 3092 suga

95 3125 329 3187 consternantur,
350 3137 409 3178 non
430 3122 504 3177 ultra
525 3121 655 3178 Fidenas
668 3118 776 3175 secutis
798 3117 965 3175 victoribus.

96 3221 145 3281 Eo
165 3236 303 3277 successu
323 3219 419 3277 studia
439 3219 538 3293 popuii
568 3223 663 3276 aucta.
694 3219 797 3291 vutgus
828 3217 966 3274 urbanum
980 3207 1019 3311 θῇ

96 3339 179 3380 orma
199 3319 289 3392 cepit.
344 3319 452 3376 Paucis
472 3325 555 3376 scuta
577 3317 723 3382 militaria,
744 3317 848 3387 piures,
869 3314 967 3385 raptis,

98 3422 176 3498 quod
210 3418 315 3494 cuique
347 3419 477 3488 obvium,
512 3417 588 3484 telis,
622 3413 736 3488 signum
766 3425 879 3485 pigrius
919 3427 970 3467 ex·
