2100 3834
95 179 170 228 nc.
189 181 230 226 ro.
309 181 380 227 nra.
407 181 458 228 ιιι.
509 180 587 227 one.
615 159 673 226 59.
704 159 762 227 60.
898 161 971 228 303

94 333 241 405 elapsum.
301 333 465 408 Propinqua
489 334 623 392 adfinitas
646 335 754 392 Ceriali
777 351 844 393 cum
858 335 970 408 Vespa-

95 431 191 496 siano,
208 449 265 488 nec
288 432 352 504 ipsa
375 433 514 507 inglorius
536 433 676 491 militiae:
698 450 789 508 eoque
811 434 888 491 inter
910 435 970 493 Du-

95 547 146 586 ces
161 531 333 602 adsumptus
358 538 411 588 est.
453 533 563 589 Flavio
581 549 693 607 quoque
719 533 830 590 Sabino
852 550 888 589 ac
912 533 970 589 Do·

95 629 226 686 mitiano
259 629 385 701 {suluisse
422 630 567 705 effugium,
603 631 686 688 multi
723 631 876 688 tradidere.
931 633 971 690 Et

94 727 180 783 missi
196 731 234 783 ab
252 729 385 786 Antonio
398 730 492 786 nuntii
521 747 572 802 per
586 729 683 786 varias
697 729 817 786 fallendi
834 737 911 787 artes
924 749 971 803 pe·
1037 719 1038 738 ¹

94 829 267 891 netrabant‚
296 831 390 884 locum
418 845 452 884 ao
476 828 648 900 praesidium
677 835 878 885 monstrantes.
921 829 972 886 Sa·

94 924 185 980 binos
201 925 362 982 inhabilem
379 926 468 982 labori
482 934 512 982 et
526 926 665 982 audaciae
682 927 878 984 valetudinem
892 943 972 982 oaus-

94 1025 239 1080 sabatur:
270 1024 444 1080 Domitiano
470 1026 570 1080 aderet
595 1025 729 1094 animns3
759 1027 810 1082 sed
837 1027 972 1082 custodes

95 1139 115 1179 a
145 1122 273 1180 Vitellio
299 1123 399 1189 additi,
424 1140 595 1197 quamquem
622 1141 654 1179 se
677 1123 772 1180 socios
797 1123 883 1198 lugae
912 1141 972 1196 pro·

95 1221 264 1281 mitterent.
286 1227 430 1296 tamquam
452 1221 623 1278 insidiantes
646 1221 828 1280 timebuntur.
872 1227 969 1298 Atque

92 1321 159 1392 ipse
178 1319 330 1386 Vitellius,
356 1327 489 1392 respectu
512 1339 626 1378 suarum
652 1323 906 1390 necessitudinum,
931 1323 973 1380 ui·

95 1419 138 1474 hil
170 1419 204 1474 in
226 1419 428 1476 Domitianum
450 1426 532 1475 atrox
557 1422 684 1492 parabat.
727 1421 825 1476 Duces
850 1422 971 1494 partium
983 1425 1026 1483 uu

96 1522 130 1572 ut
145 1518 287 1574 Carsulas
304 1535 420 1580 venere,
435 1535 544 1590 [raucos
567 1520 603 1574 ud
621 1519 750 1591 requiem
771 1518 834 1574 dies
847 1526 972 1586 sumunt,

95 1615 197 1672 donec
222 1615 336 1688 aquilae
360 1616 499 1689 signaque
522 1617 668 1690 legionum
689 1619 922 1689 adsequerentur.
942 1623 972 1674 et

95 1715 183 1770 locus
212 1714 274 1784 ipse
305 1721 463 1771 castrorum
502 1717 645 1788 placebat,
678 1717 736 1771 late
765 1721 971 1788 prospectans:

98 1819 165 1870 tuto
182 1813 330 1884 copiarum
355 1815 497 1886 adgestu:
526 1813 734 1870 florentissimis
760 1831 834 1886 pone
861 1819 972 1886 tergum

97 1911 282 1984 municipiis.
304 1911 388 1968 simul
402 1913 556 1985 conloquia
577 1929 644 1968 cum
665 1912 844 1994 Vitellianis,
869 1915 971 1970 decem

99 2010 228 2066 millium
256 2011 351 2083 spatio
381 2011 563 2075 distantibus,
585 2017 615 2066 et
647 2011 770 2083 proditio
795 2014 971 2084 sperebatur.

100 2111 204 2182 Aegre
220 2109 250 2164 id
272 2109 332 2179 pati
356 2110 449 2172 miles,
473 2115 503 2164 et
527 2109 679 2166 victorium
703 2113 799 2176 malle,
823 2127 909 2184 qnam
925 2127 972 2181 pa·

100 2223 180 2264 cern.
212 2225 249 2262 ne
277 2223 342 2262 suas
369 2207 484 2279 quidem
512 2209 641 2280 legiones
672 2207 905 2280 opperiebantur,
940 2213 970 2264 ut

100 2306 241 2378 praedae,
253 2323 339 2378 quam
358 2305 549 2376 periculorum
563 2307 666 2362 socias.
709 2306 839 2360 Vocatus
854 2306 890 2361 ed
904 2322 973 2362 con·

99 2404 222 2464 cionem
237 2404 383 2461 Antonius
397 2403 511 2460 docuit:
534 2412 541 2436 ‘
556 2423 619 2460 esse
636 2404 730 2459 adhuc
745 2402 871 2458 Vitellio
886 2403 973 2470 vires,

100 2503 333 2576 ‘ambiguassi
359 2501 568 2570 deliberarent3
600 2519 691 2566 acres,
712 2501 737 2556 si
762 2501 970 2572 desperassent.

100 2601 215 2659 ‘Initia
252 2603 395 2656 bellorum
428 2600 561 2656 civilium
599 2601 730 2657 fortunae
758 2599 972 2671 permittendn;

101 2699 281 2758 ‘victoriam
292 2697 422 2754 consiliis
446 2705 476 2754 et
500 2699 611 2755 ratione
634 2699 741 2770 perfici.
785 2700 848 2755 lam
863 2697 972 2754 Misen-

101 2805 226 2856 ‘ensem
240 2800 364 2858 classem
385 2801 414 2853 et
439 2797 660 2867 pulcherrimam
688 2797 867 2868 campaniae
893 2814 973 2853 oram

102 2897 304 2954 ‘descivisset
326 2912 381 2952 nec
397 2896 458 2970 plus
480 2903 573 2951 etoto
595 2905 730 2952 terrarum
751 2897 819 2951 orbe
834 2897 972 2968 reliquum

102 2995 263 3061 ‘Vitellio‚
290 3011 376 3068 quam
401 2997 475 3069 qnod
501 2996 580 3050 inter
602 2993 794 3050 Tarracinam
822 2995 973 3050 Narniam·

103 3101 181 3168 ‘que
195 3093 300 3149 ineest.
344 3095 422 3151 Sntis
437 3093 545 3166 gloriae
569 3091 678 3163 proelio
700 3093 892 3148 Cremonensi
913 3109 973 3163 par-

103 3198 196 3258 ‘tum‚
220 3197 250 3246 et
264 3189 359 3246 exitio
373 3191 535 3247 Cremonae
551 3189 671 3246 nimium
693 3189 831 3246 invidiae.
849 3207 885 3244 ne
906 3205 973 3244 con·
1037 3257 1038 3262 ἵ

102 3288 307 3370 ‘cupiscerent
332 3289 454 3344 Romam
476 3305 581 3360 cupere
606 3290 710 3360 potius,
734 3303 818 3361 quem
847 3303 973 3352 servare.

105 3387 237 3445 ‘maiore
250 3386 309 3444 illis
332 3386 469 3460 praemia,
490 3393 520 3443 et
542 3389 633 3444 multo
658 3385 814 3442 maximum
837 3383 934 3448 decus,
948 3381 976 3437 si
