2158 3820
119 126 167 198 to
435 143 622 194 susurru
835 148 865 196 s.
882 147 1002 198 aare:
1033 144 1051 232 „l

1050 233 1051 258 .

117 304 207 370 ‘stas
236 297 354 374 Syrien
379 298 576 370 repetiturum.
628 296 679 378 Sic
705 313 818 374 quaque
841 300 989 374 optimam

116 399 277 458 ‘fortunam
289 399 437 460 orandam.
452 404 483 454 ut
497 399 595 469 pelles.
608 398 760 456 coniectae
773 399 875 471 spatiis
899 400 990 462 itine-

117 504 206 564 ‘runa
220 501 345 556 alacrem
360 503 390 554 et
403 496 544 554 labilitate
554 513 720 568 camporum
744 499 989 570 praevenientem
1051 494 1052 510 ¹

116 598 260 674 ‘equitem
283 594 512 676 'admoueretur’
573 596 651 654 Exin
686 596 792 654 Paetum
825 615 877 670 per
906 597 987 672 Gap·

115 698 267 774 padocian
294 695 469 754 hibernavit.
524 695 567 752 Ar
592 695 750 768 Vologesis
779 696 818 754 ed
844 697 988 757 Corbulo·

115 815 184 857 nem
199 797 279 856 missi
293 795 397 862 nuntii,
410 794 593 852 ‘detraheret
606 795 729 850 castella
750 801 828 852 trans
854 795 989 867 Euphra·

122 903 201 964 ‘ten‚
228 913 409 968 amnemque,
436 898 467 950 ut
493 892 573 960 olim,
601 892 727 950 medium
753 892 890 951 iaceret?
923 894 989 964 ille,

32 1031 39 1048 .
115 996 308 1054 ‘Armeniam
321 1012 433 1068 qnoque
453 992 577 1050 diversis
599 991 750 1064 praesidiis
766 1009 888 1050 vacmm
901 990 988 1062 ben:

116 1096 330 1164 expostulabat.
372 1093 410 1150 Et
438 1097 582 1165 postremo
603 1090 750 1150 concessit
773 1092 857 1150 Rex:
878 1092 990 1150 diruta·

116 1211 180 1267 que,
195 1211 268 1266 quae
282 1195 357 1250 ultra
377 1191 546 1266 Euphraten
569 1190 778 1248 communierat
803 1190 938 1257 Corbulo,
954 1195 990 1249 et

66 1275 104 1333 ¹⁸
118 1291 252 1350 Annenii
276 1291 341 1346 sine
364 1289 472 1346 arbitro
494 1289 591 1346 relicti
613 1297 689 1346 suut.
732 1291 773 1346 nt
796 1289 908 1348 Romae
929 1293 990 1348 tro·

115 1407 189 1464 paea
212 1390 250 1445 de
277 1388 393 1445 Partbis
409 1405 549 1462 arcusque
574 1387 671 1446 medic
697 1387 850 1460 capitolini
877 1388 989 1447 montis

115 1487 298 1558 sistebantur,
312 1489 431 1545 decreta
457 1489 495 1542 nb
520 1488 642 1552 Senatu,
661 1486 775 1560 integro
802 1487 904 1544 amaa
926 1488 990 1545 bel·

115 1589 154 1656 lo,
178 1605 272 1664 neque
299 1595 359 1644 tum
392 1587 508 1660 omissa.
542 1587 611 1642 dum
635 1586 786 1657 adspectui
813 1586 988 1655 consulitur,

114 1693 211 1761 spreta
243 1683 438 1744 conscientia.
504 1684 584 1756 Quin
619 1689 658 1748 et,
691 1682 907 1742 dissimulandis
941 1701 990 1742 re·

115 1801 178 1841 rum
198 1790 383 1840 externarum
404 1783 491 1850 curis,
508 1784 587 1840 Nero
611 1782 785 1840 trumentum
809 1783 912 1857 piebis,
934 1801 988 1842 ve·

115 1886 220 1940 instate
247 1885 429 1954 corruptum,
460 1882 491 1940 in
517 1881 651 1940 Tiberim
668 1883 755 1956 jecit,
781 1899 838 1956 quo
871 1882 985 1941 securi·

115 1985 205 2040 tatem
232 1998 366 2040 annonae
390 1986 560 2040 ostentaret.
582 1981 667 2040 cuins
688 1981 782 2056 pretio
806 1981 879 2040 nibil
904 1981 989 2040 addi·

114 2085 175 2137 tum
198 2085 252 2146 eal,
279 2080 413 2154 quamvis
440 2081 581 2138 ducentae
607 2081 697 2138 terme
720 2099 820 2148 naves,
846 2087 928 2154 portu
951 2081 988 2140 in

113 2178 186 2253 ipso,
201 2179 342 2236 violentia
367 2179 558 2252 tempestatis,
579 2184 609 2237 et
632 2183 750 2239 centnm
772 2180 853 2247 alias,
877 2180 989 2238 Tiberi

113 2280 280 2342 subvectas.
305 2278 436 2336 fortuitus
462 2278 537 2353 ignis
557 2280 774 2352 absumpsisset.
816 2279 886 2336 'Prin
912 2271 1001 2338 dein

77 2403 81 2410 ⁴
113 2379 298 2448 Consulares,
331 2380 367 2436 l..
403 2379 549 2456 Pisonem,
583 2381 772 2438 Ducennium
813 2379 985 2448 Geminum,

113 2481 284 2548 Pompeium
308 2481 475 2539 Paullinnm
500 2481 695 2555 vectigalibus
716 2480 840 2554 publicis
864 2497 987 2553 praepo·

112 2580 177 2642 suit.
193 2597 259 2638 cnm
274 2579 469 2638 insectatione
484 2579 608 2652 priorum
632 2580 810 2654 Principum,
836 2580 907 2654 ‘qui
921 2595 987 2655 gra-

113 2677 226 2733 ‘vitale
246 2682 409 2748 sumptuum
434 2677 525 2734 iustos
547 2681 654 2738 reditus
678 2679 859 2737 anteissent:
879 2697 911 2736 so
932 2695 987 2738 en·

112 2780 220 2831 ‘nuum
234 2776 401 2832 sexcenties
414 2777 579 2836 sestertium
594 2777 729 2850 Reipubl.
749 2775 863 2851 largiri?

63 2875 102 2933 ’19
154 2873 360 2929 Percrebuerat
374 2891 409 2930 en
433 2879 605 2946 tempestate
620 2876 805 2948 pravissimus
820 2893 890 2942 mos,
905 2891 986 2936 -cuas

114 2971 279 3044 propinquis
306 2972 443 3042 comitiis,
479 2979 527 3030 aut
554 2981 631 3032 sorte
667 2975 889 3048 provinciarum.
923 2978 986 3047 ple·

114 3069 193 3144 rique
233 3069 295 3126 orbi
335 3071 409 3128 lictis
449 3072 651 3142 adoptionibus
685 3061 863 3132 adsciserent
897 3075 986 3142 tilios,

114 3172 316 3243 praeturasque
330 3175 359 3224 et
376 3169 540 3240 provincias
555 3171 631 3228 iuter
649 3180 743 3244 patres
764 3172 867 3238 sortiti,
882 3173 986 3232 statim

114 3267 280 3324 emitterent
307 3285 403 3334 manu,
431 3285 501 3342 qnos
526 3269 747 3342 adoptaverant.
789 3271 846 3344 Qui
875 3289 985 3344 magna

114 3381 181 3422 cnm
204 3365 318 3422 invidia
342 3366 481 3422 Senatum
496 3366 614 3436 adeunt,
638 3369 704 3427 ‘ius
719 3375 848 3439 naturae,
868 3372 984 3430 labores
