2158 3820
118 139 167 210 58
329 159 335 168 ·
431 157 616 206 rusrnmrs
839 161 871 208 s.
886 159 919 208 v.
934 161 992 210 srs.

117 311 228 382 ‘ronta’
260 310 403 379 Vasaces,
423 312 597 386 ‘imaginem
629 310 775 370 retinendi
800 309 992 388 largiendive

117 417 227 485 ‘penes
254 427 315 479 nos,
338 410 398 468 vim
426 429 525 484 penes·
539 409 679 478 Parthos,'
699 411 883 468 memoravit.
945 412 991 475 Et
1062 481 1063 486 ἵ

117 515 237 570 multum
260 511 391 570 invicem
413 511 586 583 disceptato,
610 510 789 568 Monobazus
813 497 992 568 Adiabenus
1062 499 1063 510 ¹

116 609 240 666 ludim
263 615 408 682 posterum
421 609 509 674 ‚testis
531 609 567 666 iis
591 625 665 682 quse
690 608 879 682 pepigissent,
903 609 990 666 adbi·
1062 601 1063 644 ἶ

96 707 207 766 batur.
259 707 429 782 Placuitque
451 707 583 764 ‘liberari
601 706 714 764 obsidio
739 707 870 780 legiones
883 713 914 764 et
934 708 990 766 de-

117 807 241 866 ‘cedere
264 823 380 864 omnem
404 805 527 862 militem
548 805 652 862 tinibus
683 804 897 872 Armeniorum,
921 823 989 864 css·

117 907 263 979 ‘tellsque
280 911 311 962 st
331 911 509 962 commestus
524 903 639 960 Parthis
661 905 745 962 tradi.
766 905 868 979 quibus
883 923 989 978 perpe-

117 1004 227 1070 ‘trstis,
249 1004 335 1076 copis
358 1003 499 1075 Vologesi
511 1002 750 1068 beret,mittendi
772 1004 810 1059 ad
832 1003 988 1062 Neronem

67 1089 106 1147 ¹⁵
118 1108 126 1136 ‘
138 1100 266 1174 legatos?
306 1101 426 1158 lnterim
441 1101 552 1158 flumini
576 1100 719 1158 Arsaniae
732 1097 771 1177 (is
784 1109 879 1158 castra
903 1119 996 1174 prae·¹

118 1197 237 1276 fluebat)
251 1207 367 1274 pontem
380 1200 515 1272 inposuit,
529 1199 628 1271 specie
651 1199 707 1256 sibi
721 1199 791 1256 illud
815 1200 872 1256 iter
894 1217 991 1274 expc-

116 1298 242 1356 dientis:
273 1300 324 1355 sed
349 1299 459 1365 Parthi,
482 1298 564 1372 qussi
592 1301 797 1356 documentum
831 1299 991 1370 victoriae,

117 1397 267 1456 iusserant.
289 1415 411 1472 namque
425 1398 461 1454 iis
482 1397 545 1454 usui
559 1397 625 1454 luit:
648 1397 738 1454 nostri
761 1416 811 1470 per
833 1400 989 1457 diversum

116 1495 186 1556 iere.
227 1497 348 1580 Addidit
363 1513 465 1562 rumor,
489 1495 681 1569 ‘subiugum
704 1496 806 1554 missas
830 1497 988 1570 legiones?

116 1599 148 1652 et
170 1596 228 1652 slis
250 1612 288 1652 ox
314 1597 396 1652 rebus
422 1594 564 1661 infaustis,
590 1611 709 1668 quorum
736 1595 921 1652 simutacmrn
945 1598 989 1654 sb

117 1693 268 1752 Armeniis
290 1697 461 1764 usurpatum,
482 1698 535 1748 est.
592 1694 725 1768 Namque
749 1700 779 1749 et
801 1695 988 1753 munimenta

116 1791 238 1863 ingressi
252 1797 328 1855 sunt,
342 1798 496 1864 antequam
509 1808 613 1865 agmen
629 1791 791 1848 Romanurn
814 1795 990 1862 excederet,

117 1893 149 1946 et
175 1884 391 1957 circumstetere
420 1889 492 1950 rias,
513 1889 635 1960 captiva
656 1891 726 1948 olim
751 1892 905 1964 mancipia,
931 1898 988 1952 ant

117 1985 246 2044 iumenta
259 1987 470 2059 adgnoscentes
479 1989 743 2062 abstrahentesqne.
767 1989 880 2061 Raptae
891 1991 987 2050 etiam

118 2091 225 2148 vestes,
252 2091 363 2142 retenta
383 2102 471 2150 arma,
493 2086 601 2158 pavido
623 2087 716 2144 milite
736 2094 765 2142 et
790 2089 988 2157 concedente,

117 2199 156 2242 ne
169 2201 224 2256 qua
239 2183 339 2253 proelii
362 2199 465 2240 caussa
486 2184 649 2240 exsisteret.
694 2185 864 2259 Vologeses,
891 2187 986 2244 armis

116 2286 148 2338 st
160 2281 325 2354 corporibus
337 2297 485 2338 caesorum
505 2282 677 2356 adgregatis,
701 2300 758 2356 quo
778 2285 893 2340 cladem
918 2302 988 2344 nos·

117 2384 190 2440 tram
205 2385 364 2445 testaretur,
393 2380 456 2436 visu
479 2379 650 2452 fugientium
664 2381 810 2453 legionum
829 2383 986 2441 abstinuit.

117 2483 210 2542 rama
225 2481 429 2540 moderationis
441 2483 638 2554 quaerebatur,
653 2491 802 2556 postquam
816 2483 986 2554 superbiam

116 2584 295 2654 expilaverat.
336 2580 460 2638 Flumen
484 2580 637 2636 Arsaniam
661 2582 818 2653 elephanto
842 2581 987 2652 insidens,

116 2683 146 2736 st
161 2679 308 2751 prosimus
327 2677 445 2750 quisque
470 2678 581 2750 Regem
607 2679 638 2735 vi
660 2695 796 2752 equorum
818 2698 986 2752 perrupere,

116 2777 182 2852 qnia
206 2793 299 2832 rumor
325 2777 496 2838 incesserat,
516 2783 626 2850 postero
650 2793 792 2834 cersonam
816 2776 894 2834 oaoss‘
918 2777 986 2838 dolo

105 2873 321 2954 fabricantium.
341 2875 393 2930 sed
417 2875 466 2947 qui
486 2873 600 2948 ingredi
620 2875 682 2932 ausi
705 2884 781 2940 sunt,
806 2876 937 2934 validum
950 2885 987 2938 et

66 2960 204 3036 lindum
229 2973 408 3030 intellexere.
463 2972 599 3030 Ceterum
625 2974 751 3032 obsessis
778 2976 852 3032 adeo
879 2993 987 3050 suppe-

115 3071 256 3130 ditavisse
271 3087 330 3128 rem
350 3070 565 3130 frumentariam
589 3073 730 3140 constitit,
756 3080 785 3129 ut
809 3073 917 3130 horreis
941 3075 987 3150 ig·

115 3188 184 3231 nem
197 3169 350 3227 iniicerent
364 3188 371 3224 :
392 3177 549 3244 contraque
564 3171 721 3244 prodiderit
735 3173 870 3238 Corbulo,
893 3173 987 3232 ‘Par-

145 3333 269 3393 canumque
286 3333 409 3390 prodiderit
435 3333 541 3396 Corbulo]
583 3335 608 3380 ln
631 3337 803 3392 commentariis,
829 3335 915 3397 opinor,
941 3344 986 3387 aut

115 3392 208 3442 mua·
224 3393 302 3442 bsnrm
320 3405 402 3442 rerum.
433 3391 519 3438 Plinius
536 3397 600 3440 certe
616 3394 766 3444 Corbulonem
785 3397 845 3443 inter
861 3397 985 3458 scriptores
