2090 3838
96 211 169 280 242
401 233 653 282 maronianum
821 237 853 285 a.
868 233 898 284 v.
916 237 971 286 aaa

97 387 182 443 modo
196 385 225 444 in
239 373 320 461 s'penr
334 393 458 455 erectus,
477 389 632 462 aliquando
645 389 769 446 adversa
795 391 968 460 reputabat:

97 485 191 556 'Quis
217 486 268 543 ille
289 485 352 542 dies
374 486 456 554 loret,
483 505 539 561 quo
566 487 719 560 sexaginta
746 487 971 554 aelatisannos,

97 589 147 640 ‘ct
166 585 237 641 duos
256 585 330 641 lilios
344 584 466 642 iuvenes
480 585 556 642 bello
577 582 779 657 permitteret?
821 585 893 642 Esse
911 585 969 657 pri·

98 684 195 742 ‘ratis
219 683 443 756 cogitationibus
470 701 658 759 progressum,
682 689 722 749 et,
750 689 833 755 prout
863 683 967 750 velint,

97 785 181 856 ‘plns
212 781 345 839 minusve
372 781 446 838 sumi
473 800 511 838 ex
547 783 695 838 Fortuna:
726 781 884 854 Imperium
918 799 966 838 cu·

99 881 265 950 ‘pientibus
286 880 357 937 nibil
380 880 506 938 medium
531 880 608 936 inter
629 897 742 936 summa
770 885 800 936 ct
828 879 966 952 praecipi·

47 964 177 1037 75‘tla.'
207 979 384 1036 Versabatur
415 986 484 1036 ante
516 981 617 1036 oculas
650 973 821 1036 Germanici
855 977 964 1034 exerei-

99 1084 144 1135 tus
158 1081 249 1141 robur,
271 1087 370 1133 notum
395 1077 459 1133 viro
487 1076 622 1133 militari:
643 1077 739 1134 ‘Suus
767 1076 904 1150 legiones·
924 1075 963 1132 ci-

99 1174 175 1231 ‘rili
203 1177 280 1230 bello
302 1174 486 1246 inexpertas3
507 1175 634 1240 Vitellii,
656 1175 811 1232 viclrices:
833 1181 863 1231 et
886 1175 961 1246 apud

100 1275 213 1331 ‘victos
238 1275 300 1345 plus
327 1273 579 1347 querimoniarum,
603 1291 688 1348 quam
710 1275 825 1341 virium,
857 1275 962 1330 fluxam

100 1381 170 1447 ‘per
183 1372 341 1430 discordias
357 1373 480 1430 militum
491 1374 586 1440 tidem,
600 1379 630 1430 el
645 1374 802 1446 periculum
818 1391 856 1430 ex
870 1373 960 1446 singu·
1033 1399 1034 1440 ς

101 1473 163 1530 ‘lia
205 1471 281 1544 Quid
293 1471 371 1528 enirn
386 1472 546 1544 profuturas
560 1472 693 1529 cohortes
705 1473 832 1546 alasque,
852 1471 879 1528 si
893 1487 960 1528 uuus

101 1575 247 1647 ‘alterque
268 1570 411 1644 praesenti
426 1571 547 1628 facinori
562 1577 690 1642 paratum
705 1589 743 1626 ex
755 1571 961 1642 diversoprae·
1033 1643 1034 1668 1

102 1673 208 1728 ‘mium
224 1667 322 1743 petat?
363 1669 414 1727 Sic
430 1669 651 1726 Scribonianum
666 1671 719 1726 snb
740 1669 866 1726 Claudio
879 1669 960 1726 inter-

102 1771 246 1827 ‘lectum2
269 1770 312 1826 sic
334 1785 528 1842 percussorem
556 1770 628 1832 eius,
648 1769 850 1842 Volaginium,
874 1785 961 1842 egre·

102 1869 200 1941 ‘gario
213 1870 248 1924 ad
260 1885 369 1924 summa
381 1867 501 1925 militiae
523 1872 701 1940 proveetum.
744 1868 877 1924 Facilius
904 1865 961 1923 uni·

51 1965 90 2025 76
103 1973 112 2000 ‘
126 1983 223 2022 versos
237 1966 348 2040 inpelli,
361 1983 446 2040 quam
470 1967 599 2040 singulos
628 1963 733 2022 vitari.'
775 1965 830 2022 His
854 1963 964 2038 pavori·

102 2067 153 2122 bus
175 2071 331 2132 nutantem,
345 2071 374 2120 et
393 2065 443 2121 alii
459 2065 563 2136 Legati
590 2064 733 2138 amicique
753 2065 914 2130 firmabant,
933 2066 961 2118 et

103 2166 267 2233 Mucianus,
301 2169 364 2238 post
386 2167 489 2221 multos
517 2173 698 2238 secretosque
722 2181 880 2229 sermones,
905 2162 960 2218 iam

103 2271 240 2323 alcoram
254 2265 294 2320 lta
314 2266 443 2320 locutus:
465 2264 592 2321 ‘Omnes
615 2263 663 2336 qui
678 2279 848 2336 magnarum
869 2277 959 2318 rerum

103 2362 244 2422 ‘'consdia
264 2363 434 2434 suscipiunt,
451 2362 606 2418 aestimare
619 2362 736 2428 debent,
756 2362 895 2434 an,quod
921 2359 962 2418 iu·

103 2465 251 2528 ‘chaalon
289 2461 476 2532 Reipublicae
505 2460 584 2525 utile,
611 2458 682 2532 ipsis
716 2460 883 2532 gloriosum,
912 2462 958 2514 aul

103 2565 282 2634 ‘promptum
294 2559 407 2625 ellectu,
416 2563 465 2614 aut
479 2565 558 2614 certe
574 2575 632 2614 uon
646 2559 765 2614 arduum
779 2558 827 2614 sit.
872 2557 961 2614 Simul

104 2659 197 2732 ‘ipse‚
211 2659 258 2733 qui
273 2659 383 2722 suadet,
393 2657 618 2714 considerandus
632 2663 686 2722 est,
700 2656 860 2712 adiiciatne
873 2652 960 2712 consi·

103 2755 160 2812 ‘lio
172 2735 329 2826 periculum
340 2773 439 2812 sunm:
460 2761 498 2819 et,
513 2756 538 2811 si
562 2756 688 2811 Fortu-na
703 2754 816 2826 coeptis
830 2752 960 2815 adiuerit,

103 2855 170 2910 ‘cul
185 2871 325 2910 summum
338 2856 426 2910 decus
438 2855 611 2926 arlqnlratur.
639 2855 703 2926 Ego
718 2861 756 2922 te,
770 2853 959 2926 Vespasiane,

103 2953 158 3008 ‘ad
194 2953 348 3024 Imperium
388 2969 470 3018 voca,
512 2959 569 3008 tam
603 2955 727 3008 salutare
763 2951 959 3023 Reipublicae,

103 3055 206 3124 ‘qnam
228 3049 281 3106 tibi
295 3049 487 3122 magnificum.
529 3052 616 3106 luxla
642 3053 731 3114 Deos,
752 3050 783 3105 in
809 3058 857 3106 tua
878 3064 959 3105 manu
997 3127 999 3132 Ι

103 3148 245 3218 ‘positum
259 3154 311 3203 est.
353 3149 417 3204 Nec
442 3147 570 3219 speciem
592 3149 736 3206 adulantis
761 3148 922 3221 expaveris.
941 3162 958 3200 a

103 3243 305 3308 ‘contumelia
326 3260 410 3314 quam
435 3261 451 3299 a
475 3246 559 3300 laude
580 3247 694 3317 propius
719 3247 814 3312 luerit,
835 3252 895 3318 post
909 3243 957 3299 Vi·

102 3341 231 3395 ‘tellium
246 3339 322 3410 eligi.
368 3340 433 3394 Non
445 3341 583 3397 adversus
599 3344 637 3398 D.
653 3343 777 3417 Augusti
792 3343 958 3400 acerrimam

100 3439 255 3506 ‘mentem
276 3452 330 3493 nee
345 3436 482 3496 adversus
508 3439 707 3504 cautissimam
722 3441 840 3502 Tiberii
863 3455 959 3500 senec·
