2100 3834
92 183 121 232 s.
137 181 167 230 c.
183 186 224 232 rs.
332 174 402 225 cru.
427 176 475 226 rr.
526 177 604 224 ear.
634 160 665 224 l.
692 158 726 225 2.
890 157 960 226 327
1043 223 1044 268 ,

93 341 206 398 ques:
227 329 330 402 plebs:
351 336 382 388 at
402 329 520 404 pentat
539 330 723 389 servitiomm
745 332 865 405 prodere
888 333 974 390 ultro·

89 421 171 496 ‚dites
185 427 338 485 dominos:
359 427 411 486 alii
425 431 462 486 als
482 427 585 486 amicis
610 431 851 488 monstrabantur.
891 431 965 488 Vbi-

92 539 150 596 que
179 525 318 593 lamenta,
343 528 602 596 conclamationes,
615 534 646 586 et
673 529 763 586 lomna
789 535 894 602 ceptae
921 547 984 588 ur··
1043 573 1044 602 ,

93 619 157 678 bis:
187 623 262 681 adeo
289 629 320 681 ul
344 625 505 684 Othoniani
529 625 742 702 Vitellianique
765 627 866 685 militis
889 625 966 688 inri-

93 719 179 778 diosn
192 728 280 780 antea
294 725 453 796 petulantia
466 725 686 784 desideraretur.
719 727 818 784 Duces
832 725 965 800 partium,

96 821 290 878 accendendo
309 822 394 879 cirili
421 825 498 880 bello
530 841 622 890 acres,
642 825 846 898 temperandae
875 825 965 882 ricto

95 917 158 976 riae
172 918 297 994 inpares.
318 921 424 994 quippe
438 922 469 978 in
495 925 591 980 turbas
605 927 635 980 et
658 923 817 981 discordias
841 907 966 997 pessimo

95 1017 206 1092 cuique
221 1020 344 1091 plurima
369 1019 432 1078 ris:
454 1039 510 1093 pax
535 1029 564 1078 et
586 1021 668 1096 quies
689 1022 771 1080 bonis
793 1023 900 1080 artibus
924 1019 998 1080 tra-2

95 1114 210 1189 digent.
252 1117 368 1176 Nomen
392 1121 548 1194 sedemque
561 1115 696 1178 Caesaris
712 1120 898 1180 Domitianus
919 1137 966 1178 ac·

96 1221 235 1288 ceperat:
267 1219 395 1276 nondum
429 1219 465 1276 sd
492 1235 575 1276 curas
607 1219 745 1289 intentus,
781 1221 832 1278 sed
859 1219 990 1293 stupris.

97 1317 129 1370 et
156 1313 307 1371 adulteriis
332 1316 423 1374 lilium
451 1315 596 1390 Principis
624 1318 736 1392 agebat.
780 1317 967 1376 Praefectura

98 1409 243 1469 Praetorii
276 1433 366 1486 penes
390 1415 505 1472 Arrium
533 1415 663 1472 Varum:
683 1431 793 1471 somma
818 1415 966 1488 polentiae

96 1507 130 1566 in
145 1509 245 1567 Primo
261 1513 401 1570 Antonio.
417 1513 441 1570 is
464 1513 617 1586 pecuniam
631 1513 826 1586 familiamque
848 1529 865 1568 e
888 1511 968 1570 Prin·

100 1606 177 1680 ctpts
200 1609 295 1680 domo,
319 1611 400 1685 quasi
428 1612 658 1670 Cremonensem
681 1611 825 1683 praedam,
851 1626 966 1682 rapere:

100 1707 193 1764 ceteri
206 1709 351 1765 modestia
365 1711 412 1766 rel
437 1709 686 1782 ignobilitata-nt
710 1709 740 1766 in
764 1710 841 1766 bello
867 1709 970 1766 obscu-

98 1807 134 1873 ri,
163 1807 204 1864 ilc
232 1808 423 1881 praemiorum
453 1814 598 1880 expertes.
659 1807 774 1865 Civitas
802 1807 909 1880 pavida
937 1811 969 1864 el

97 1908 222 1982 servitio
235 1915 344 1980 pareto,
357 1903 488 1981 occupari
506 1901 661 1962 redeuntem
675 1903 838 1963 Tarracina
860 1907 892 1963 L.
918 1903 968 1962 Vt-

98 2005 210 2066 telliaaa
241 2022 303 2061 cum
335 2001 502 2070 canonibus,
535 2001 726 2080 exntirrguiqm
755 2001 864 2080 reliqua
893 2002 969 2072 delli,

94 2105 276 2182 postulabat.
318 2101 473 2160 Praemissi
497 2103 629 2159 Ariciam
652 2103 780 2176 equites:
800 2119 904 2177 agmen
930 2105 969 2160 le·

98 2205 221 2280 gionum
235 2201 311 2258 intra
332 2201 467 2257 Bovillas
480 2199 570 2256 stelit.
611 2201 677 2257 Nec
691 2205 845 2257 cunctatus
858 2207 901 2255 est
916 2199 969 2256 Vi

102 2302 212 2368 lellius,
238 2317 328 2374 seque
354 2306 385 2356 et
406 2299 541 2355 cohortes
562 2297 681 2355 arbitrio
709 2297 829 2354 uictoris
856 2296 970 2370 permii-

99 2406 174 2460 lere.
235 2399 274 2456 Et
302 2398 385 2456 miles
416 2396 666 2463 infelicia-arma,
694 2396 769 2452 haud
796 2395 891 2452 minus
918 2396 970 2465 ira,

99 2475 187 2576 quarn
209 2501 286 2554 metu
309 2496 428 2553 abiecit.
480 2497 598 2568 Longus
622 2495 782 2552 deditorum
806 2495 885 2558 crdo,
907 2487 970 2566 sep-
1041 2541 1044 2548 .

100 2603 148 2656 tus
183 2594 320 2658 armatis,
345 2612 395 2667 per
428 2593 528 2650 urbem
559 2593 688 2650 incessit.
727 2609 813 2649 nemo
845 2589 995 2665 supplici

98 2694 260 2758 vullu‚sed
276 2672 425 2748 tristeset
447 2697 543 2748 truces
562 2697 593 2747 et
613 2691 768 2748 adversum
796 2693 911 2762 plausus
934 2708 970 2749 ac

100 2791 258 2852 lasciuiam
271 2789 440 2848 insultantis
454 2789 533 2862 vulgi
556 2789 727 2846 immobiles.
749 2805 856 2862 paucos
880 2807 971 2848 erum-

102 2909 175 2966 pere
200 2905 293 2958 nusoe,
321 2887 504 2946 circumiecti
534 2904 673 2960 pressere.
703 2888 796 2946 ceteri
821 2888 852 2946 in
877 2899 972 2946 custo

102 2991 182 3049 diam
210 2987 332 3044 conditi.
395 2985 478 3042 Nihil
504 2985 652 3060 quisquam
676 2988 787 3046 loculus
811 2987 972 3062 indignum,

102 3093 143 3159 et,
171 3101 343 3161 quamquam
369 3083 446 3142 iuter
472 3083 606 3152 adversa,
632 3087 716 3142 salua
743 3086 858 3144 virtutis
885 3087 972 3144 lama.

133 3237 279 3290 circumiecti
296 3237 401 3299 messor]
419 3225 525 3306 IDicturn
543 3252 591 3284 esse
614 3252 660 3308 pro
675 3253 812 3310 oppressere,
831 3237 973 3294 interfecere,

102 3295 974 3424 tiit·..i.¹.l.i.t;¹.⁰ll¹institistisittetutltlffttl

104 3417 168 3463 libris
179 3413 343 3460 contunduntur
357 3427 478 3468 oppressere
492 3419 515 3458 el
528 3427 631 3469 pressere.
663 3414 677 3457 S
723 3411 753 3456 rbr
768 3423 889 3467 oppressere
899 3425 974 3455 ver-rus

86 3505 91 3516 .
104 3479 146 3521 ast.
174 3471 300 3520 Moridetn
310 3485 352 3525 pur
361 3471 421 3516 uitiis
428 3471 512 3526 Jraln‘,
525 3485 564 3531 pro
571 3469 664 3524 fratris,
675 3470 741 3528 idque
752 3467 862 3528 probabat
872 3467 972 3514 Vrsinus.
984 3477 987 3486 '

103 3532 166 3584 itm
191 3529 345 3580 Brol.rnallet
358 3527 611 3588 apprnamqetsratri.
643 3526 699 3573 llud.
708 3527 803 3584 fratris.
