2114 3830
37 136 42 271 i
104 169 176 238 358
393 189 645 238 ursuoaraavm
825 195 854 240 s.
869 193 898 240 v.
912 193 958 242 aar.

34 278 38 356 l

33 357 36 417 l
102 345 399 417 ‘laederetunneque
421 362 453 400 se
478 343 645 416 praemium,
673 348 723 401 aut
750 345 894 410 honorem,
921 361 958 402 ex

32 425 35 492 i
104 442 289 500 ‘calamitate
309 441 419 499 civium
444 443 558 514 cepisse
567 439 584 498 :’
604 443 723 516 trepidis
738 449 768 500 et
784 446 869 502 verba
882 443 958 499 iuris·

30 590 31 596 ,
104 541 218 600 iurandi
245 559 296 616 per
324 541 419 597 varias
442 546 518 598 artes
545 541 731 608 mutantibus,
765 542 829 616 quis
862 539 960 612 flagitii

28 716 29 720 Ἰ
103 639 285 698 couscientia
312 639 413 696 iuerat.
467 639 631 696 Probabant
657 639 828 712 religionem
852 640 959 708 Patres,

103 739 258 814 periurium
271 740 438 812 arguebant.
479 737 579 811 anue
594 740 675 796 velut
688 757 810 795 censura
824 738 854 794 in
870 739 959 796 Sario-

25 849 27 893 l
107 840 205 896 lenum
221 838 364 893 Voculam
378 841 409 893 el
436 837 565 893 Nouium
593 838 752 894 Aelianum
779 842 809 892 et
835 837 960 894 Cestium

106 935 248 994 Severum
263 935 401 992 acerrime
417 935 557 1002 incubuit,
575 936 684 992 crebris
711 936 786 1008 apud
816 937 956 992 Neronem

21 1034 24 1111 ξ
105 1035 298 1092 delationibus
310 1035 443 1090 famosos.
486 1033 667 1090 Sariolenum
682 1042 711 1090 et
739 1050 842 1092 recens
856 1034 960 1092 crimen

19 1122 22 1189 ἷ
103 1135 231 1206 urgebat,
264 1133 338 1206 quod
370 1133 445 1204 apud
472 1131 628 1190 Vitellium
656 1133 771 1190 molitus
794 1135 898 1190 eadem
922 1133 959 1188 lo·

17 1256 20 1301 ,¹
100 1236 152 1288 ret.
186 1247 241 1286 nec
272 1229 384 1286 destitit
409 1232 533 1286 Senatus
567 1248 667 1288 manus
695 1231 841 1294 intentare
864 1233 957 1288 Vocu-

99 1331 157 1391 lae,
181 1329 276 1386 donec
302 1328 382 1385 curia
403 1331 569 1386 excederet.
613 1331 661 1388 Ad
689 1330 824 1389 Pactium
850 1331 957 1388 Africa·

100 1447 170 1486 num
203 1427 381 1500 transgressi,
415 1445 480 1485 eum
520 1446 632 1502 quoque
674 1431 859 1502 proturbant:
894 1437 957 1486 taur·

99 1544 183 1603 quam
209 1527 321 1583 Neroni
344 1525 513 1584 Scribonios
533 1527 643 1594 iratres,
665 1529 823 1585 concordia
848 1529 957 1600 opibus·

99 1645 154 1700 que
170 1615 307 1699 insignes,
329 1625 365 1680 ad
388 1624 512 1682 exitium
532 1625 772 1682 monstravisset.·
805 1627 958 1684 Africanus

13 1769 14 1776 ,
98 1743 192 1798 neque
225 1725 309 1781 lateri
343 1725 476 1790 audebat,
498 1741 590 1797 neque
611 1727 737 1781 abnuere
772 1730 900 1797 poterat:
928 1725 959 1782 iu

97 1823 218 1880 Vibium
234 1824 377 1894 Crispum,
392 1823 472 1878 cuius
492 1822 765 1896 interrogationibus
779 1823 960 1898 fatigabatur,

97 1923 171 1978 ultro
203 1939 370 1987 conversus,
402 1923 552 1978 miscendo
582 1938 654 1994 quae
685 1922 840 1978 defendere
862 1922 959 1996 nequi·

43 2038 84 2096 ,12
97 2021 153 2090 bat,
173 2019 313 2078 societate
327 2023 429 2092 culpae
443 2019 584 2076 invidiam
604 2011 777 2076 declinavit.
819 2020 958 2094 Magnam

96 2139 132 2178 eo
145 2121 192 2176 die
207 2119 323 2192 pietatis
334 2119 572 2192 eloquentiaeque
587 2118 691 2174 lamam
706 2118 867 2191 Vipstanus
882 2118 959 2176 Mes·

95 2222 157 2276 sala
189 2219 310 2292 adeptus
331 2224 384 2284 est,
407 2219 533 2274 nondum
563 2217 716 2274 Senatoria
745 2223 853 2284 aetate,
874 2235 959 2274 ansus

94 2336 146 2390 pro
172 2318 266 2384 tratre,
298 2315 417 2390 Aquilio
445 2315 567 2390 Regulo,
594 2315 753 2388 deprecari.
814 2315 960 2388 Regulum

94 2419 232 2474 subversa
253 2417 419 2473 Crassorum
440 2420 470 2470 et
497 2413 614 2486 Orphiti
639 2415 740 2470 domus
764 2413 794 2470 in
815 2431 959 2471 summum

93 2516 190 2574 odium
204 2517 357 2572 extulerat.
400 2515 510 2585 Sponte
524 2531 562 2568 ex
588 2508 645 2570 Sc.
660 2513 879 2571 adcurationem
893 2513 958 2569 sub-

92 2616 150 2674 isse
165 2614 278 2673 iuvenis
303 2613 465 2678 admodum,
486 2628 541 2668 nec
565 2611 731 2684 depellendi
752 2611 885 2682 periculi,
905 2613 959 2669 sed

92 2715 122 2772 in
137 2732 217 2787 spem
232 2711 379 2784 potentiae
400 2710 558 2767 videbatur.
609 2709 648 2766 El
674 2708 805 2782 Sulpicia
819 2709 960 2769 Praetex-

92 2818 162 2878 tata,
184 2812 281 2868 Crassi
314 2827 395 2876 uxor,
424 2814 598 2883 quatuorque
620 2807 712 2875 liberi,
740 2807 766 2864 si
798 2825 962 2881 cognosce·

91 2917 135 2968 ret
164 2910 297 2973 Senatus,
329 2910 435 2964 ultores
456 2908 582 2964 aderant.
624 2906 716 2979 lgitur
745 2906 874 2963 Messala
895 2927 958 2967 nou

91 3025 229 3076 caussam,
261 3025 354 3080 neque
388 3023 466 3062 reum
501 3005 583 3072 tueri,
611 3006 662 3061 sed
697 3005 831 3079 periculis
859 3007 956 3064 fratris

90 3113 183 3168 semet
215 3123 364 3178 opponens
393 3104 513 3162 flexerat
542 3104 689 3178 quosdam.
731 3105 866 3162 Occurrit
900 3111 957 3163 tru-

89 3257 324 3368 masa
341 3257 957 3378 raananraanannarra·

113 3378 207 3448 'aanor
224 3375 304 3422 dietus.
335 3375 436 3422 Observa
461 3389 515 3434 ergo
538 3377 568 3424 de
587 3378 691 3426 Messala
708 3378 858 3428 diversissimo
876 3380 957 3428 tratre.

102 3450 149 3490 apr.
