2090 3838
92 171 162 241 tta
377 193 629 244 araronrsrvrr
807 196 838 242 s.
854 194 884 241 v.
900 197 952 248 sn.

49 407 52 414 ,
86 343 228 414 mulctati,
250 345 371 420 privatis
394 354 425 404 et
449 347 618 422 promiscuis
641 345 734 420 copiis
754 345 856 406 iurare
875 345 950 404 mili·
1041 401 1042 414 p

86 448 154 502 tem.
196 446 255 502 Sed
279 446 356 504 lama
370 453 507 504 constans
522 447 585 512 luit,
606 443 697 522 ipsum
713 443 859 502 Valentem
871 461 951 515 arou·
1041 441 1042 492 l

84 559 124 600 uo
145 541 264 620 pemmo
289 552 415 622 maptmu.
469 545 500 602 la
530 545 580 604 diu
602 544 741 612 sordidus,
768 549 889 617 repente
910 541 951 602 di·
1041 593 1042 626 ἢ

86 659 148 711 vos,
169 645 357 702 mutationem
385 645 517 702 fortunae
547 645 622 702 male
656 645 787 718 tegebat,
818 640 953 700 accensis

16 751 32 811 ,ὲ
86 749 215 816 egestate
243 747 330 818 longa
357 743 540 816 cupidinibus
567 742 772 809 inmoderatos.
800 747 839 808 et,
867 739 953 814 inopi

84 840 216 908 iuventa,
242 859 334 902 senex
362 842 503 916 prodigus.
556 843 654 900 Lento
685 841 793 898 deinde
821 839 954 912 agmine,
1041 871 1042 874 =

85 959 136 1016 per
149 943 221 1002 lines
246 943 434 1017 Allobrogum
458 949 488 999 et
509 943 721 1002 Vocontiorum
740 943 844 1000 ductus
866 959 954 1000 exer·
1041 997 1042 1016 p

85 1039 177 1098 citus:
199 1041 261 1114 ipsa
275 1041 409 1098 itinerum
431 1041 524 1115 spatia
538 1048 568 1100 et
581 1041 752 1098 stativorum
774 1041 953 1102 mutationes
1041 1071 1042 1100 r

86 1140 257 1198 venditante
285 1141 380 1207 Duae,
402 1140 493 1198 loadis
516 1140 698 1214 pactionibus
723 1141 863 1196 adversus
888 1155 951 1212 pos·
1041 1211 1042 1216 η

84 1255 210 1294 sessores
223 1255 354 1314 agrorum
368 1245 398 1296 et
414 1239 600 1312 Magistratus
624 1239 788 1304 civitatum,
801 1239 876 1294 adeo
900 1235 951 1296 mi·
1041 1253 1042 1258 ’

68 1327 205 1404 'nacitor
219 1344 250 1394 ut
276 1339 358 1396 Luco
377 1334 581 1414 (municipium
604 1337 635 1395 id
655 1338 868 1396 Vocontiorum
893 1339 951 1412 est)
1041 1339 1042 1418 3

84 1435 164 1494 laces
192 1437 364 1503 admoverit.
389 1439 484 1496 donec
511 1437 636 1510 pecunia
656 1417 853 1510 mitigaretur.
883 1452 951 1510 quo·
1041 1431 1042 1488 l

85 1535 162 1594 tiens
186 1538 328 1612 pecunias
349 1537 470 1594 materia
489 1538 613 1602 deesset,
627 1536 731 1609 stupris
744 1541 775 1592 et
799 1533 949 1592 adulteriis
1041 1543 1042 1608 ᾗ

33 1623 73 1686 67
85 1639 267 1694 exorabatur.
308 1637 359 1694 Sic
380 1637 417 1693 ad
444 1639 537 1710 Alpes
556 1644 734 1708 perventum.
775 1635 846 1692 Plus
871 1650 951 1707 prac-

85 1737 140 1794 dae
154 1753 190 1794 ac
203 1735 351 1809 sanguinis
375 1736 506 1794 caecina
530 1734 633 1792 bausit.
675 1734 873 1792 Inritaverant
895 1738 949 1792 tur·

85 1836 183 1892 bidum
204 1835 353 1908 ingenium
375 1833 517 1902 Helvetii,
532 1833 649 1890 Gallica
672 1851 753 1907 gens,
776 1834 848 1889 olim
862 1831 948 1890 armis

85 1933 222 2007 virisque,
249 1951 316 1992 mox
345 1934 483 1992 memoria
517 1933 653 2000 nominis,
679 1935 767 1999 clara,
787 1934 825 1988 da
856 1932 947 1988 caede
1041 1953 1042 2020 }

85 2032 198 2090 Galbae
213 2033 314 2106 ignari,
328 2038 358 2090 et
373 2033 491 2090 Vitellii
504 2031 657 2104 imperium
677 2033 848 2088 abnuentes.
891 2029 949 2088 Ini-

83 2131 156 2190 tium
169 2133 246 2188 bello
259 2130 311 2188 luit
333 2132 456 2189 avaritia
480 2149 515 2188 ac
529 2131 676 2190 testinatio
696 2131 947 2188 unaetvicesimae
1041 2141 1042 2208 p

83 2231 215 2308 legionis.
230 2237 382 2305 rapuerant
404 2230 567 2304 pecuniam,
588 2231 703 2288 missam
717 2229 748 2286 in
769 2229 947 2302 stipendium
1041 2233 1042 2268 t

83 2332 207 2399 castelli,
225 2333 299 2406 quod
314 2331 384 2388 olim
400 2329 530 2386 Helvetii
555 2329 614 2386 suis
635 2328 774 2385 militibus
788 2345 825 2384 ao
838 2328 948 2400 stipen-

83 2431 139 2490 diis
164 2434 325 2492 tuebantur.
346 2447 431 2504 aegre
455 2429 484 2486 id
512 2429 588 2501 pussi
611 2427 755 2494 Helvetii„
776 2425 947 2499 interceptis

84 2531 222 2604 epistolis,
236 2548 309 2605 quae
324 2529 441 2588 nornine
463 2526 633 2584 Germanici
651 2524 797 2582 exercitus
811 2526 848 2580 ad
875 2525 948 2582 Pan·
1027 2567 1032 2582 .

83 2630 205 2687 nonicas
234 2629 364 2702 legiones
389 2628 561 2694 terebantur,
586 2625 797 2687 centurionem,
814 2631 850 2696 ,et
866 2643 948 2700 quus·

82 2729 149 2786 dam
165 2727 289 2784 militum
311 2727 341 2784 in
362 2725 494 2782 custodia
508 2724 682 2782 retinebuut.
724 2724 866 2790 Caecina,
888 2725 946 2782 bel·

43 2841 48 2848 ·
82 2826 102 2884 li
133 2826 247 2892 avidus,
280 2824 442 2898 proximam
470 2839 611 2898 quamque
638 2819 763 2894 eulpam,
789 2827 945 2897 antequam

81 2925 252 3000 poeniteret,
282 2926 372 2980 ultum
394 2924 463 2980 ibat.
496 2922 578 2982 Mota
606 2939 725 2994 propere
746 2926 850 2978 castra.
883 2939 947 2978 vas·

82 3023 136 3082 tati
160 3023 229 3099 agri.
249 3022 376 3096 direptus
391 3024 478 3095 longa
502 3037 574 3094 pace
601 3020 632 3078 iu
657 3020 771 3080 modum
793 3019 945 3094 municipii

111 3197 210 3244 Heluetii
225 3196 382 3255 Gallicogens]
414 3194 466 3250 Qui,
477 3199 535 3240 teste
548 3195 611 3242 Julio
625 3195 729 3250 Caesare,
745 3193 801 3240 Bell.
818 3193 880 3240 Gall.
894 3197 911 3242 l.
925 3199 944 3243 1.

80 3257 175 3314 reliquos
192 3255 267 3300 (iulias
291 3253 373 3299 cirrata
391 3253 531 3308 procedunt,
550 3255 608 3312 pseud
624 3255 678 3310 sere
696 3253 838 3312 pwdidionis
854 3255 947 3310 praeliis

81 3329 131 3362 rum
141 3313 259 3360 damano
269 3311 410 3365 mandunt,
421 3325 471 3356 cum
480 3315 520 3356 out
529 3311 670 3370 mirfinibus
679 3327 712 3359 eos
719 3312 840 3370 prodibant.
851 3321 895 3366 cut
905 3313 948 3370 ipsi

79 3373 106 3418 irs
116 3387 191 3418 eorum
197 3371 289 3428 finibus
303 3369 385 3414 bellum
398 3373 487 3426 gerunt.
518 3369 620 3415 Helvetii
635 3377 687 3418 tunc
702 3372 773 3418 multo
783 3369 849 3418 latius
859 3371 947 3431 babita-

79 3431 141 3490 bant,
152 3445 219 3492 quarn
228 3443 284 3491 quos
293 3441 351 3476 nunc
360 3426 453 3475 dicimus
463 3426 589 3486 Helvetios,
597 3428 668 3476 Saite.
