2158 3820
81 155 129 226 28
325 200 328 206 ·
402 181 587 231 suasurum
805 188 833 234 s.
850 186 880 234 v.
896 188 952 237 aas.

79 332 136 389 ‘tis
160 333 281 408 adspiei.
305 333 439 403 inbelles,
463 337 587 412 inermes
609 353 740 395 cessuros
764 339 873 406 statim,
897 339 953 398 ubi

80 433 201 489 ‘terrum
230 433 424 510 virtutemque
440 435 631 503 vincentium,
646 436 754 494 totiens
781 437 846 506 lusi,
860 455 954 511 agno-

78 531 219 589 ‘vissenb
240 521 329 590 etiam
343 533 373 590 io
395 535 492 590 multis
507 535 669 608 legionibus
685 553 791 608 pauoos
805 553 878 602 esse,
899 537 954 611 qui

78 631 206 704 ‘praelia
233 631 433 706 profligarent:
454 633 619 708 gloriaeque
643 647 741 691 eorum
756 651 952 706 accessurum,

78 731 170 804 ‘quod
185 731 300 788 modies
328 749 429 787 manus
455 731 583 788 universi
607 734 874 790 exereituslamam
898 735 952 791 ad·

77 829 296 901 ‘iplsoerentua
352 829 484 886 Conlerti
515 835 636 897 tantum,
665 837 695 887 et
730 832 795 905 pilis
823 831 950 901 emissis,

78 933 161 1000 ‘post
175 929 346 985 umbonibus
360 933 390 984 et
410 927 524 1002 gladiis,
537 936 662 1003 stragem
676 931 854 1005 eaedemque
878 947 951 988 eou-

77 1027 252 1093 ‘linuarent,
267 1029 390 1100 praedae
405 1028 578 1085 inmemores
593 1049 600 1084 ε
622 1035 702 1102 parta
717 1029 849 1096 victoria,
859 1046 952 1086 euno·

41 1117 45 1125 ¹
77 1126 207 1197 ‘taipsis
221 1125 356 1183 cessura?
397 1129 426 1183 ls
446 1129 530 1184 ardor
557 1129 646 1184 verba
660 1125 741 1185 dunis
766 1130 951 1200 sequebatur,

77 1225 117 1282 ita
132 1243 162 1281 se
183 1227 219 1281 ad
233 1207 432 1298 'intorquenda
447 1226 505 1298 pila
526 1227 698 1298 expedierat
719 1233 803 1283 vetus
818 1226 901 1283 miles
917 1231 951 1284 et

77 1327 167 1381 multa
202 1324 373 1396 proeliorum
406 1327 599 1399 experientia,
632 1329 664 1382 ut
692 1331 787 1382 certus
821 1323 950 1382 eventds

25 1417 65 1479 37
80 1423 244 1490 Suetonius,
264 1425 346 1480 daret
361 1441 473 1497 pugnae
487 1425 610 1498 signum.
653 1425 700 1482 Ao
726 1425 848 1496 primum
870 1423 952 1498 legio
985 1471 994 1482 .

17 1489 22 1520 Ι
78 1523 166 1597 gradu
181 1522 300 1589 inmota,
314 1529 344 1578 et
368 1522 516 1595 angustias
541 1523 599 1580 loei
627 1539 678 1595 pro
701 1524 880 1580 munimento
906 1539 953 1578 re-

78 1605 184 1687 tinens,
200 1629 349 1696 postquam
363 1621 478 1695 propius
491 1639 657 1696 suggressus
671 1622 762 1678 hostis
776 1626 857 1678 certo
868 1620 953 1680 iactu

78 1721 138 1777 tela
158 1722 343 1787 exhauserat,
359 1723 438 1776 velut
462 1737 557 1777 cuneo
577 1721 679 1794 erupit.
721 1722 804 1778 Idem
827 1719 952 1778 auxilia·

79 1819 152 1876 rium
175 1819 306 1890 inpetus:
327 1823 357 1875 et
381 1836 478 1893 eques,
502 1818 643 1892 protentis
669 1819 770 1887 bastis,
789 1817 958 1900 perfringit,¹

79 1919 153 1992 quod
177 1917 297 1974 obvium
324 1923 354 1973 et
374 1918 504 1974 validum
528 1923 598 1976 erat.
640 1917 740 1976 Ceteri
762 1923 843 1992 terga
867 1934 950 1989 prae·

80 2019 175 2082 buere,
202 2009 315 2074 difficili
347 2017 462 2090 effugia,
493 2017 776 2096 quia-circumiecta
810 2005 957 2074 vebloula⁴

80 2119 228 2188 sepserant
242 2113 345 2171 abitus.
387 2115 425 2172 Et
437 2115 520 2172 miles
535 2133 572 2172 ue
586 2115 737 2174 mulierum
751 2114 867 2189 quidem
881 2114 953 2172 neci

81 2215 276 2286 temperabat:
298 2213 470 2288 confixaque
496 2213 562 2271 telis
586 2214 824 2271 etiam-iumenta
850 2229 954 2287 corpo·

81 2331 143 2370 rum
164 2314 310 2370 cumulum
325 2318 476 2369 auxerant.
518 2313 615 2379 Clara,
633 2317 664 2369 et
677 2311 803 2386 antiquis
817 2311 951 2372 victoriis

81 2428 141 2485 par,
155 2429 190 2468 ea
203 2411 251 2468 die
265 2413 327 2468 laus
338 2417 428 2484 parta.
449 2411 555 2484 quippe
575 2415 651 2478 suot,
673 2410 721 2484 qul
736 2412 834 2483 paullo
854 2411 953 2469 minus

81 2527 166 2587 quarn
180 2510 329 2584 octoginta
345 2509 438 2566 millia
452 2509 658 2566 Britannorum
672 2509 815 2566 cecidisse
830 2510 958 2580 tradant,

82 2609 206 2666 militum
233 2607 451 2682 quadringentis
473 2609 562 2664 lerme
581 2607 753 2675 interiectis,
781 2625 837 2664 nee
860 2610 954 2666 multo

81 2708 204 2780 amplius
220 2706 388 2762 vulneratis.
429 2705 579 2762 Boudioea
599 2705 691 2762 vitam
713 2723 829 2763 veneno
842 2705 954 2764 finivit·

81 2807 120 2864 Et
137 2805 262 2862 Poenius
287 2805 446 2873 Postumus,
471 2803 639 2860 Praefectus
669 2809 826 2862 castrorum
848 2821 954 2863 seeun-

82 2909 136 2962 dae
151 2903 283 2978 legionis,
307 2901 432 2975 coguitis
457 2902 773 2976 quartadeoimanorum
797 2903 952 2978 vicesima·

82 3021 238 3078 nurumque
254 3001 395 3075 prosperis
416 3003 508 3070 rebus,
522 3002 589 3075 quia
610 3001 672 3074 pari
695 3001 786 3074 gloria
803 3001 953 3075 legionem

82 3121 162 3162 suam
176 3102 367 3168 fraudaverat,
381 3083 584 3173 abnueratqua
604 3104 706 3157 eontra
719 3100 804 3158 ritum
819 3099 955 3171 militiae,

113 3276 190 3332 Proq‘.
210 3279 273 3321 costr.
289 3274 396 3321 secundos
411 3272 525 3331 Legionis]
556 3271 637 3317 Castra
653 3271 693 3318 illa
709 3277 773 3320 erant
786 3274 844 3334 apud
859 3273 957 3336 Siluras,

82 3349 206 3394 nomenque
222 3334 320 3380 lecerunt
340 3334 399 3386 loro,
419 3330 542 3398 Brittannis
561 3329 629 3400 dieto,
649 3331 707 3376 Coer
725 3331 816 3402 Linaton,
838 3333 875 3378 vel
893 3333 956 3390 Quor

83 3393 308 3500 llalqle‘aonfloqmll'yslu
327 3391 350 3438 id
368 3399 402 3437 est
420 3389 480 3436 Uria
497 3390 590 3448 legiones
605 3387 635 3435 od
648 3389 720 3438 Issum
731 3389 852 3452 flauum:
872 3392 954 3494 laeam.
