2158 3820
124 171 172 239 70
452 184 639 236 annamvm
849 187 881 232 a.
899 181 931 230 v.
947 177 1001 231 art.

123 363 174 403 reu
189 342 348 402 facinomm
364 337 569 400 'recordatione
584 355 729 414 nunquam
754 336 857 396 timore
872 355 1000 407 vacuus,
1047 359 1048 366 ³

124 444 250 504 deseruit
264 443 422 516 inceptum,
436 445 577 499 ‘cunctae
591 440 645 497 sibi
670 456 754 498 ouras
769 455 868 496 amore
882 438 998 512 patriae
1048 424 1049 516 l

124 550 132 577 ‘
145 541 280 604 leviores'
293 541 442 601 dictitans.
483 540 623 598 ‘Vidisse
647 539 756 597 civium
782 544 921 596 moestos.
934 541 997 596 vul·

125 647 199 708 ‘tua
212 642 311 700 audire
324 647 452 700 secretae
465 638 670 718 querimonias,
694 639 769 713 quod
795 643 910 696 tantum
934 639 996 697 adi·
1049 668 1050 704 t

124 747 222 800 ‘turns
234 759 300 799 ease
320 739 384 808 iter,
411 738 544 798 cuiusce
568 738 701 796 modicos
720 737 835 813 quidem
860 755 994 812 egressus
1049 723 1050 760 ³

124 842 309 906 ‘tolerarent‚
324 838 400 896 sueti
421 839 575 896 adversum
600 837 717 894 fortuita
744 837 884 910 adspectu
910 837 995 894 Prin·
1050 913 1051 924 ἵ

126 939 219 1012 ‘cipis
251 937 385 996 refoveri.
446 937 533 1011 Ergo,
567 941 598 994 ut
625 936 657 994 iu
685 935 807 1009 privatis
832 935 995 994 necessitu-
1050 959 1051 962 ¹

126 1036 260 1094 ‘dinibus
294 1035 425 1110 proxima
459 1035 580 1109 pignora
614 1035 825 1108 praevalerent,
860 1033 903 1092 ita
937 1035 993 1097 Ρο-

125 1137 243 1208 ‘putum
276 1135 438 1192 Romanum
473 1134 535 1192 vim
562 1133 714 1208 plurimam
741 1134 858 1200 babere,
891 1151 994 1207 pareu-

125 1235 267 1307 ‘dumque
281 1232 438 1291 retinenti.’
479 1233 562 1292 llaec
584 1239 669 1307 atque
694 1231 763 1290 talia
788 1229 867 1306 plebi
892 1221 994 1291 voleu-

125 1331 165 1390 tia
184 1332 273 1400 fuere,
298 1334 478 1406 voluptatum
501 1331 650 1406 cupidine,
673 1337 713 1400 et,
736 1348 810 1406 quae
836 1331 994 1405 praecipua

124 1445 194 1487 cura
233 1437 288 1500 est,
314 1431 355 1489 rei
388 1431 591 1490 frumentariae
619 1431 774 1506 augustias,
812 1431 838 1489 si
867 1433 995 1502 abesset,

125 1529 275 1587 metuenti.
326 1533 452 1590 Senatus
478 1536 508 1588 et
536 1531 673 1604 primores
699 1531 731 1588 in
759 1530 873 1588 incerto
899 1535 994 1598 erant,

124 1629 222 1702 procul
250 1644 288 1684 au
315 1638 413 1683 coram
436 1629 561 1686 atrocior
587 1631 747 1688 haberetur.
775 1629 893 1698 debinc,
917 1647 992 1704 quae

124 1731 226 1784 nulum
245 1723 358 1798 maguis
385 1722 544 1789 timoribus,
565 1723 692 1780 datrae·
719 1730 888 1796 ctedcbbnl,
915 1729 993 1804 quod

72 1815 112 1878 37
125 1828 273 1881 evenerat.
314 1823 391 1896 lpse,
404 1839 461 1898 quo
480 1822 566 1880 fidem
588 1821 759 1896 adquireret,
773 1821 846 1880 nibil
871 1833 992 1898 usquam

124 1922 244 1996 perinde
258 1923 365 1978 laetum
388 1920 454 1988 sibi,
468 1919 592 1994 publicis
614 1921 686 1978 locis
700 1925 809 1978 struere
836 1921 990 1992 convivia,

126 2025 241 2093 totaque
255 2020 324 2076 urbe
337 2019 419 2094 quasi
431 2021 518 2077 domo
531 2019 582 2077 uti.
623 2019 663 2078 Et
686 2019 895 2078 celeberrimae
919 2023 991 2078 luxu

123 2117 254 2189 famaque
268 2121 371 2192 epulae
389 2117 476 2187 fuere,
501 2136 571 2194 quas
594 2117 782 2192 a'l'igellino
810 2123 934 2191 paratas,
956 2124 989 2178 ut

125 2219 291 2290 exemplum
311 2216 442 2283 referam,
469 2235 507 2274 ne
534 2217 649 2291 saepius
675 2218 778 2275 eadem
805 2218 990 2291 prodigentia

124 2317 267 2374 narranda
286 2315 332 2374 sit.
374 2315 469 2390 lgitur
488 2293 517 2372 ln
532 2321 636 2390 stagno
658 2316 807 2389 Agrippae
831 2315 991 2375 fabricatur.

124 2419 168 2471 est
202 2420 303 2483 ratem,
326 2413 375 2472 cui
409 2413 619 2487 superpositum
655 2413 829 2472 convivium
865 2414 989 2473 aliarum

124 2517 217 2570 tractu
232 2513 352 2570 navium
377 2519 549 2570 moveretur.
571 2529 663 2569 naver
677 2529 747 2570 auro
774 2518 803 2570 et
818 2513 906 2571 ebore
933 2513 989 2571 div·

124 2610 250 2666 tinctae:
272 2610 451 2684 remigesque
465 2610 576 2668 exoleti
587 2628 638 2684 per
652 2616 763 2668 aetates
788 2616 817 2668 et
832 2610 989 2669 seientiam

123 2706 276 2765 libidinum
299 2710 553 2779 componebantur.
570 2711 703 2768 volucres
717 2716 747 2767 et
768 2710 842 2769 feras
865 2710 991 2790 diversis

122 2825 139 2864 e
155 2805 236 2863 terris
249 2811 280 2863 et
294 2805 433 2864 animalia
447 2807 533 2866 maris
548 2809 670 2867 Oceano
684 2809 811 2883 eburque
833 2809 990 2882 petiverat.

121 2904 318 2977 crepidinibus
341 2905 436 2979 stagni
465 2905 615 2979 lupanaria
637 2907 802 2974 adstabant,
821 2907 992 2966 inlustribus

119 2999 236 3058 feminis
260 3003 416 3092 completa.
437 3010 540 3061 contra
566 3009 663 3062 scorta
699 3003 876 3070 visebantur,
904 3005 992 3063 nudis

122 3099 299 3172 corporibus.
320 3100 379 3159 iam
400 3108 663 3178 gestus.motusque
690 3102 829 3160 obsceni:
850 3107 890 3172 et,
915 3109 993 3177 post·

121 3217 207 3276 quam
222 3202 359 3258 tenebrae
382 3201 566 3270 incedebant,
580 3209 719 3278 quantum
738 3201 821 3260 iuxta
848 3203 991 3270 nemoris,

32 3373 36 3387 ·
122 3298 354 3360 etciroumiecta
375 3305 462 3368 teuta,
486 3317 647 3374 consonare
674 3307 763 3360 cantu
778 3305 809 3358 et
833 3301 992 3362 luminibus

122 3397 291 3456 clarencere.
333 3397 411 3472 lpse,
424 3416 476 3474 per
499 3398 583 3458 licita
609 3404 696 3476 atque
710 3399 826 3461 inlicita
848 3400 998 3470 foedatus,
