2114 3830
74 165 148 236 aaa
377 189 630 238 ursroarruvu
797 193 828 240 a
842 191 872 238 v.
891 193 968 252 aas!

76 345 182 410 matris,
193 357 280 418 quara
294 343 384 416 pudor
393 360 429 402 ac
439 345 576 410 dedecus,
590 345 841 417 obstupefecerat:
868 351 948 404 atto·

75 441 145 500 uitis
158 443 246 500 etiam
263 442 429 510 victoribus,
443 444 506 517 quis
519 461 625 502 vocem
638 461 798 519 precesque
823 447 947 502 adhibe-

76 558 107 598 re
129 557 188 598 nou
208 525 280 606 ausi,
304 541 430 600 lacrimis
444 558 479 598 ac
494 542 612 600 silentio
627 543 744 600 veniam
759 546 945 616 poscebant:

75 641 170 698 donec
187 639 312 698 Cerialis·
324 642 464 698 mulceret
477 641 599 707 animos,
617 641 696 698 ‘istc
711 640 785 699 acta'
795 643 951 709 dictitans,

75 749 167 814 ‘quae
181 739 304 798 miiitum
319 739 491 812 lineumque
501 739 655 806 discordia,
671 743 721 798 vet
742 740 841 798 fraude
856 741 949 798 hueti-

75 845 151 906 ‘una
181 837 359 894 evenissent.
400 837 530 896 Primum
561 838 644 896 iiiuua
676 838 885 911 stipendiorum
914 845 948 896 ei

76 936 270 996 ‘sacramenti
289 936 367 994 diem
380 936 539 996 haberent:
555 937 686 1006 priorum
713 938 874 1012 incipomnr
895 957 949 996 ne-

76 1035 153 1106 ‘que
187 1031 394 1104 Imperatorem
427 1047 520 1106 neque
553 1050 586 1089 se
620 1030 807 1090 meminisse?
849 1033 944 1094 Touo

76 1130 185 1204 recepti
201 1130 231 1188 in
256 1131 358 1188 eadem
372 1136 479 1196 castra,
497 1136 527 1188 et
549 1131 677 1188 edictum
697 1149 749 1204 per
770 1131 951 1210 manipulos,

76 1247 113 1288 ne
126 1230 189 1303 quis
203 1230 234 1286 iu
247 1229 407 1288 certamine
421 1230 552 1304 iurgiove
577 1229 751 1288 seditionem
764 1236 813 1287 aut
827 1233 948 1290 ciadcns

25 1327 268 1397 zaoommititoni
294 1328 463 1386 obiectaret.
506 1329 579 1386 idox
607 1330 756 1386 Treveros
776 1346 812 1386 ae
833 1331 946 1403 Lingo-

76 1443 137 1496 nes,
150 1427 188 1484 ad
201 1425 375 1484 concionem
397 1432 526 1495 vocatos,
539 1428 583 1484 ita
604 1428 775 1501 adinquitur.
815 1433 823 1461 ‘
836 1429 946 1504 Neque

76 1531 152 1602 ‘ogo
164 1543 288 1606 unquam
301 1525 614 1596 iocundiameuercui3
634 1531 665 1582 et
689 1526 794 1600 Populi
815 1527 947 1586 Romani
1052 1571 1053 1580 2

76 1625 236 1686 ‘virtutem
266 1626 354 1713 armis
386 1624 549 1682 adfirmavi.
589 1625 661 1692 Sed,
678 1625 745 1699 quia
777 1621 856 1699 apud
889 1643 948 1684 vos

75 1727 187 1782 ‘verbs
200 1723 353 1798 plurimum
368 1726 480 1792 vuirunt²
491 1725 623 1798 bonaque
647 1739 682 1782 ac
707 1725 784 1782 maia
808 1741 870 1782 nou
889 1743 945 1784 sua

77 1829 207 1890 ‘natura
244 1824 296 1880 sed
333 1822 454 1880 vocibus
481 1822 694 1890 seditiosorum,
739 1822 950 1894 uestimentum

76 1922 183 1980 ‘statui
197 1937 288 1994 pauca
315 1921 465 1990 disserere,
478 1937 561 1994 quae,
574 1921 726 1993 profligato
739 1921 828 1990 helio,
843 1921 944 1981 utilius

76 2019 134 2078 ‘sii
147 2019 230 2092 vobis
242 2018 368 2086 audisse,
381 2036 466 2094 quarn
479 2019 562 2076 uobis
576 2017 696 2076 dixisse.
738 2019 865 2076 verram
878 2039 943 2078 ves·

76 2126 176 2184 ‘traam
189 2123 405 2192 ceterorumque
434 2117 594 2205 Gallorum,
608 2116 732 2191 ingressi
752 2122 822 2174 suut
841 2119 945 2178 Duces
1051 2183 1052 2188 η

77 2219 345 2294 ‘imperatoresque
366 2215 501 2282 Romani,
515 2217 594 2274 nulia
615 2215 765 2288 cupidine,
782 2219 835 2274 sed
855 2217 945 2274 maio·

78 2317 175 2376 ‘ribus
189 2315 293 2374 vestris
305 2314 521 2380 invocantibus,
534 2331 604 2387 quos
618 2313 780 2372 discordiae
795 2332 886 2389 usque
905 2317 947 2374 ad

77 2416 219 2474 ‘exitium
240 2412 409 2488 iaiigabaut.
429 2417 459 2468 et
473 2411 562 2470 acciti
576 2411 687 2470 auxilio
701 2411 843 2470 Germani
857 2413 947 2471 sociis

78 2514 200 2588 ‘pariter
213 2519 298 2588 atque
307 2511 435 2570 hostibus
445 2510 616 2568 servitutem
625 2508 821 2582 inposuerant.
863 2513 943 2584 Quot

77 2612 214 2714 ‘proeliis
245 2612 383 2670 adversus
417 2609 551 2666 Cimbros
585 2607 803 2683 Teutonosuue,
825 2611 944 2683 quantia

77 2711 275 2768 ‘exercituum
289 2713 448 2766 nostrorum
462 2706 614 2776 laboribus,
627 2723 722 2778 quove
743 2712 854 2764 eventu
871 2709 943 2766 tier·
1050 2761 1051 2766 ,

78 2809 212 2866 ‘manica
240 2808 317 2864 helia
351 2805 579 2870 tractaverimus,
611 2804 683 2860 satis
711 2806 831 2862 ciarum.
873 2807 942 2866 Nec

77 2913 84 2940 ‘
98 2907 165 2968 ideo
179 2907 314 2962 iihcuum
328 2905 495 2968 insedimus,
508 2909 540 2960 ut
565 2902 680 2960 ltaliam
704 2909 868 2973 tueremur3
888 2906 939 2962 sed

79 3005 199 3080 ‘nequis
218 3003 293 3060 aiius
315 3003 483 3062 Ariovistus
497 3002 605 3074 Regno
615 3001 777 3060 Gaiiiarum
791 3002 941 3074 potiretur*

78 3107 149 3162 ‘Au
165 3115 217 3160 voa
230 3102 354 3161 cariores
370 3100 462 3159 Civili
486 3099 664 3175 Batavisque
685 3105 716 3158 et
740 3101 941 3160 Transmonte

77 3209 85 3234 ⁴
99 3201 146 3258 nis
157 3200 291 3273 gentibus
304 3197 431 3261 creditis,
445 3215 530 3270 quarn
558 3197 712 3254 maioribus
732 3215 832 3256 eorum
846 3203 940 3273 patres

77 3297 199 3368 ‘avique
215 3293 301 3352 vestri
317 3291 450 3350 inerunt?
464 3295 574 3351 Eadem
586 3312 811 3368 semperoaussa
820 3298 938 3356 Genna-

76 3393 139 3450 ‘uis
155 3389 378 3454 transcendendi
389 3390 420 3446 in
432 3389 555 3460 Gallias,
568 3391 658 3454 iibido
671 3397 759 3476 atque
778 3395 941 3462 avaritiaei
