2114 3830
107 176 219 226 ann.
305 178 373 228 crs.
401 181 447 230 rr.
498 179 576 228 ose.
603 159 662 228 64.
690 159 749 228 65.
887 161 957 229 377

101 331 208 388 ‘lucem
222 333 360 408 diemque
373 334 509 392 omnibus
522 335 706 405 bominibus;
726 335 768 393 ita
791 337 892 392 omnes
906 339 961 392 tar·

102 430 288 489 'raslortibus
301 433 371 490 viris
386 440 487 490 natura
507 435 634 507 aperuit·
671 433 810 492 Instituta
838 435 961 492 cultorn-

99 531 162 600 ‘que
177 531 303 601 patrium
317 531 463 598 resumite,
482 533 611 606 abruptis
626 533 834 606 voluptatibus,
857 533 960 608 'quibus

99 625 234 685 'Romani
250 631 315 702 plus
334 632 472 688 adversus
492 631 651 698 subiectos,
680 649 765 705 quam
793 632 889 699 armis,
911 647 961 690 va·

97 725 178 782 ‘leot
198 727 333 785 sincerus
360 733 392 785 ct
405 729 520 804 integer
533 735 563 787 et
583 730 731 788 servitutis
745 731 852 787 oblitus
874 748 961 804 popu·

95 825 161 891 ‘lns,
181 833 232 882 aut
254 843 296 884 ex
322 843 415 901 nequo
441 829 546 901 agetis,
567 834 617 886 aot
644 829 710 886 aliis
737 827 962 902 imperitabitis.'

97 923 336 996 Agrippinenses,
356 931 470 999 sumpto
494 927 679 985 consultandi
710 929 814 1001 spatio,
847 927 1012 1000 quandoffi

24 1007 26 1076 s
94 1037 183 1096 neque
193 1025 296 1082 subire
321 1026 506 1084 conditiones
521 1007 614 1083 metus
637 1027 733 1093 loturi,
748 1043 841 1101 neque
867 1028 962 1098 palam

93 1121 260 1194 adspernari
283 1125 416 1182 conditio
437 1143 584 1198 praesens,
609 1126 733 1192 sinebat,
754 1127 785 1184 in
813 1127 888 1186 buno
904 1143 961 1186 mo·

93 1219 156 1277 dum
184 1225 373 1298 respondent.
423 1225 528 1296 ‘Quae
556 1223 648 1297 prima
674 1225 815 1283 libertatis
838 1225 963 1284 incultas

94 1321 246 1390 ‘dataest,
268 1323 385 1380 avidius
399 1341 484 1398 quam
508 1321 631 1390 cautius,
651 1326 832 1398 sumpsimus,
853 1331 884 1382 ut
912 1341 963 1386 vo·

91 1417 152 1477 ‘bis
166 1423 333 1497 ceterisque
349 1421 514 1488 Germanis,
528 1424 755 1498 consanguineis
775 1423 890 1490 nostris,
900 1424 963 1480 iun·

92 1522 253 1592 ‘geremun
297 1521 397 1578 Muros
425 1521 565 1589 civitatis,
586 1523 830 1597 congregantibus
843 1537 875 1578 so
895 1537 963 1578 com

92 1620 245 1678 ‘marinio
283 1621 480 1678 Romanorum
512 1621 699 1688 exercitibus,
733 1637 838 1694 augere
869 1619 962 1688 nobis,

91 1719 198 1791 ‘quam
226 1717 350 1786 diruere,
382 1721 470 1778 tutius
491 1725 544 1778 est.
601 1721 635 1779 Si
654 1721 704 1796 qui
729 1737 766 1777 ex
789 1719 884 1786 ltalia,
912 1712 966 1776 uut¹

93 1816 288 1888 ‘provinciia
318 1818 502 1893 alienigenae
528 1819 560 1876 in
582 1819 686 1876 finibus
708 1817 813 1876 nostris
840 1818 962 1886 inerant,

93 1919 161 1973 ‘cos
183 1919 295 1974 bellum
316 1917 485 1990 absumpsit,
519 1921 568 1976 vel
593 1918 623 1974 in
645 1935 711 1976 suas
737 1919 857 1994 quisque
878 1920 963 1977 sedes

90 2015 257 2091 ‘reingere
299 2015 443 2074 Deductis
464 2017 545 2084 olim,
559 2023 589 2074 ct
601 2018 754 2076 nobiscum
775 2035 827 2090 per
853 2021 967 2077 conon-¹

93 2112 192 2172 ‘bium
207 2115 337 2184 sociatis,
358 2116 462 2190 quique
487 2133 555 2174 mox
580 2131 750 2190 provenere,
771 2117 845 2172 baec
870 2113 963 2188 patria
1043 2125 1044 2128 ’

93 2217 167 2271 ‘est
211 2213 278 2271 Nec
301 2231 354 2271 vos
376 2215 450 2272 adeo
473 2214 589 2288 iniquos
603 2213 813 2280 existimamus,
833 2213 964 2270 utinter·
1040 2225 1042 2293 j

92 2313 159 2371 ‘fici
174 2331 193 2371 a
208 2313 291 2370 nobis
305 2321 451 2387 parentes,
471 2313 582 2380 iratres,
602 2313 709 2370 llberos
728 2317 841 2370 nostros
855 2309 961 2368 velitis.

93 2409 254 2486 ‘Vectigal
269 2417 400 2471 etonera
418 2412 657 2470 commerciomm
671 2411 853 2469 rescivimus.
895 2409 963 2468 Sint
1037 2443 1038 2453 κ

95 2513 256 2570 ‘transitus
267 2511 452 2582 incustoditi3
472 2512 524 2569 sed
537 2510 633 2568 diurni
647 2515 678 2568 et
701 2511 847 2568 inermes:
867 2510 963 2567 donec

93 2616 198 2668 ‘nova
212 2615 242 2668 ct
263 2611 393 2669 recentia
407 2611 468 2668 iura
494 2611 525 2668 in
554 2613 729 2667 uetustatem
753 2607 964 2668 consuetudine
1032 2587 1035 2667 i

95 2715 274 2767 ‘vertantur
317 2709 466 2767 Arbitmm
494 2708 665 2765 babebimus
680 2708 809 2767 Civilem
823 2713 853 2764 et
874 2707 964 2764 Vele·
1029 2683 1033 2786 i

43 2837 45 2844 ·
96 2809 196 2879 ‘dom,
230 2811 305 2882 apud
336 2825 406 2884 quos
439 2813 526 2882 pacta
552 2806 738 2865 sanciantur?
787 2806 964 2866 'uiolentus
1028 2789 1031 2834 ¹

99 2908 268 2992 denoteris,
288 2907 377 2982 legati
388 2909 426 2964 ad
441 2907 571 2965 Civilem
584 2911 615 2964 et
628 2907 775 2964 Veledam
793 2906 875 2965 missi
896 2921 964 2965 curs

97 3007 192 3074 donis,
224 3011 331 3065 cuncta
358 3023 397 3063 ex
425 3008 578 3063 voluntate
617 3006 875 3082 Agrippinensium
903 3021 964 3086 per3

98 3111 260 3182 patravere.
303 3105 363 3162 Sed
391 3121 490 3163 coram
519 3104 599 3161 adire
622 3104 794 3180 adloquique
817 3103 964 3159 Veledam

97 3209 243 3281 negatum.
295 3206 479 3264 Arcebautur
519 3203 669 3278 adspectu,
688 3220 745 3278 quo
769 3197 964 3258 venerationis

99 3307 162 3380 plus
189 3303 309 3362 inesset.
364 3305 433 3377 ipsa
476 3303 555 3360 edita
588 3303 620 3358 iu
654 3307 753 3360 turre:
786 3299 917 3356 delectus
947 3317 964 3355 e

99 3404 265 3481 propinquis
301 3403 435 3463 consults
469 3415 671 3476 responsaque,
703 3405 736 3458 ut
771 3395 964 3460 internuntius
