2100 3816
99 182 208 234 r.c.·ro.
320 180 387 231 nm.
415 179 438 232 r.
489 160 761 232 maan-41.
878 165 948 234 lud
1020 185 1021 204 ¹

95 335 160 394 odio.
180 336 403 396 haesitationem
424 337 530 396 adtulit
553 311 666 412 tempus
692 355 728 398 ac
755 339 846 408 loeus,
871 338 948 416 quia,

95 433 169 492 initio
200 437 300 494 caedis
330 441 403 502 orto,
433 435 560 494 difficilis
593 439 702 496 modus.
735 443 766 496 et
796 439 949 496 turbavere

95 535 235 594 consilium
249 535 358 608 trepidi
372 534 467 592 nuntii
480 552 515 592 ac
530 537 723 608 proximorum
742 534 871 610 ditiugla,
889 538 950 594 tan·

94 632 233 705 garentibus
257 633 390 692 omnium
408 631 522 698 studiis,
541 634 590 708 qui
614 635 706 706 primo
727 636 839 692 alacres
863 634 949 693 tidem

94 734 168 803 atque
186 732 317 790 animum
337 735 564 790 ostentaverant.
617 733 767 806 Agebatur
794 733 851 790 huo
878 732 948 789 illuc
960 727 1001 786 td

103 826 195 898 Galba,
228 831 315 888 vario
335 831 434 888 turbae
457 830 768 902 fluctuantisinpnlsu:
797 830 951 904 completis

96 927 209 1002 undique
224 929 357 986 basilicis
377 945 412 986 ac
436 929 562 1000 templis,
578 929 688 1002 lugubri
718 937 881 1002 prospectu.
902 945 951 986 ne·

96 1039 142 1096 que
160 1027 266 1099 populi,
287 1034 336 1084 aut
358 1027 450 1100 plebis
473 1030 534 1085 ulla
558 1043 634 1098 vox;
659 1027 711 1084 sed
736 1027 861 1086 adtoniti
889 1027 972 1125 vul·s

97 1124 136 1178 tus
148 1129 174 1180 et
187 1128 352 1182 conversae
366 1126 402 1182 ad
423 1126 521 1182 omnia
541 1141 631 1182 aures.
652 1143 710 1182 non
733 1129 883 1192 tumultus,
892 1142 951 1182 nou
971 1155 989 1203 ¹.

98 1218 181 1292 quies:
200 1225 287 1297 quale
303 1223 401 1296 magni
416 1230 508 1280 metus
531 1230 562 1279 et
585 1223 779 1298 magnanime
803 1224 952 1282 silentium

95 1327 140 1372 ert·
194 1321 309 1380 Othoni
336 1327 444 1388 tamen,
473 1319 584 1378 umori
609 1319 724 1398 polan,
758 1323 951 1382 nuntiabatur.
976 1278 983 1346 Ι

97 1413 136 1470 lre
149 1419 314 1497 prmoipitea
327 1425 352 1476 et
375 1436 506 1497 occupare
526 1417 653 1495 peranda
665 1420 754 1478 iubet.
797 1419 952 1494 lgitnr‘mi·

98 1512 155 1570 lites
175 1517 311 1584 Romani,
331 1519 412 1592 quasi
439 1519 610 1590 Vologesen
632 1523 682 1575 aut
705 1518 847 1576 Pacorum
871 1499 972 1574 avito'

101 1611 298 1674 Arsacidarum
322 1616 395 1672 solio
418 1617 572 1688 depulsuri,
600 1631 635 1674 ac
662 1632 721 1672 uon
746 1617 952 1687 Imperatorem

98 1724 168 1768 suum
190 1715 331 1772 inermem
355 1719 384 1770 et
411 1732 511 1772 senem
539 1713 682 1771 trucidare
713 1718 876 1788 pergerent,
897 1711 953 1769 dis·
994 1729 1005 1780 2

100 1805 166 1866 iacta
187 1815 281 1884 plebe,
304 1815 471 1885 proculcato
492 1813 612 1879 Senatu,
640 1816 734 1869 truces
761 1811 856 1877 armis,
880 1809 952 1884 rapi·
978 1874 981 1883 ,

99 1905 136 1962 dis
156 1913 247 1984 equis,
270 1911 361 1968 lorum
386 1911 562 1982 inrumpunt.
584 1925 640 1968 nec
661 1909 727 1966 illos
751 1909 882 1983 capitolii
905 1909 953 1966 ad·
977 1894 982 1954 ἶ

100 2013 212 2075 spectus,
237 2015 267 2066 et
281 2009 485 2066 inminentium
507 2009 676 2080 templorum
701 2007 814 2082 religio,
826 2014 856 2064 el
881 2007 953 2078 prio-

100 2117 139 2158 res
152 2113 178 2162 et
191 2108 278 2164 icturi
299 2108 451 2180 Principes
475 2114 609 2173 terruere,
627 2124 683 2180 quo
706 2107 800 2164 minus
825 2097 954 2162 lacerent

101 2205 196 2273 scelus,
210 2206 292 2262 cuius
316 2207 391 2262 ultor
412 2213 466 2270 est,
483 2203 610 2280 quisquis
631 2203 779 2261 successit.
819 2203 895 2259 Viso
907 2209 1002 2268 co-dl

101 2301 185 2359 minua
207 2310 380 2362 armatorum
393 2303 519 2376 agmine,
534 2302 702 2360 vexillarius
715 2300 871 2358 comitatae
886 2299 955 2356 Gal·

102 2395 158 2456 bam
179 2403 306 2458 cohortis
334 2399 468 2478 (Atilium
496 2398 686 2475 Vergilionem
702 2396 800 2476 fidssc
826 2393 956 2472 trallunt)

97 2493 238 2571 dereptam
253 2501 368 2556 Galbae
394 2499 549 2572 imaginem
563 2499 625 2554 solo
649 2495 773 2554 adflixit.
814 2495 860 2552 Eo
873 2493 956 2567 signo

99 2597 241 2654 manifesta
265 2597 465 2655 in'0thonem
486 2596 613 2653 omnium
634 2593 758 2656 militum
781 2592 883 2660 studia,
908 2593 956 2649 de·

102 2699 198 2753 sertum
218 2697 285 2769 tuga
308 2695 405 2768 populi
427 2697 532 2759 iorum,
553 2694 691 2751 destricta
714 2693 853 2750 adversus
876 2690 956 2748 dubi·

101 2793 187 2850 tantas
212 2796 279 2852 tela.
321 2795 407 2852 iuxta
422 2793 515 2851 Curtii
540 2793 644 2860 lacum,
658 2789 848 2862 trepidatione
864 2791 956 2847 leren-

101 2887 164 2948 lium
178 2893 276 2950 Galba
290 2893 434 2965 proiectus
452 2910 468 2946 e
482 2893 554 2947 sella
568 2906 603 2946 ac
625 2891 791 2962 provolutus
805 2896 857 2946 est.
897 2889 957 2946 Ex·

102 2989 212 3048 tremam
226 2991 290 3047 eius
304 3007 417 3054 vocem,
432 2995 461 3046 ul
481 2990 584 3062 cuique
604 2987 702 3044 odium
729 2994 777 3044 aut
805 2987 957 3046 admiratio

27 3153 28 3162 χ
99 3083 155 3151 luit,
197 3088 278 3146 varie
313 3088 473 3160 prodidere.
524 3085 598 3152 Alii,
639 3085 807 3156 suppliciter
839 3086 957 3142 interro·

102 3201 185 3258 gesse,
210 3184 279 3263 quid
295 3183 365 3242 mutr'
385 3181 559 3241 rumosam?
586 3199 692 3260 pudens
715 3180 774 3238 dics
800 3179 958 3239 exsolvendo

99 3280 220 3342 donatiuo
241 3286 444 3351 deprecatum:
467 3285 569 3353 plures,
588 3281 726 3336 obtulisse
748 3282 823 3334 ultro
847 3295 959 3348 percus·

102 3384 207 3442 toribus
235 3383 374 3456 iugulum,
396 3384 510 3454 agerem
524 3373 743 3454 deseruerant
756 3372 798 3426 im
816 3388 831 3425 r
853 3366 960 3440 Repub-
