2090 3838
102 232 168 280 ac.
183 235 219 283 rs.
302 233 374 280 ura.
403 233 440 280 rr.
491 233 569 282 car.
596 215 765 281 [ru-m.
888 214 962 282 229

100 387 324 458 ‘epulantibus
338 387 453 444 initium
467 387 610 462 finemque
634 387 765 444 miraculi
784 404 850 445 cum
873 389 963 447 Otho·

100 489 108 516 ‘
121 485 163 540 nis
176 485 258 543 exitu
279 485 473 558 competisse?

140 583 172 640 ln
204 584 306 642 lunere
336 584 407 650 eius,
437 591 545 642 novata
576 587 654 642 luctu
686 601 722 642 ac
754 587 854 643 dolore
888 586 1011 646 mili-51

101 686 158 738 tum
177 683 293 739 seditio.
326 699 382 740 uec
411 689 482 748 erat,
509 683 558 758 qui
587 691 746 741 coemeret.
791 687 837 741 An
861 685 964 758 Vergi-

98 782 174 838 nium
202 781 290 846 versi,
324 783 418 848 modo,
451 788 483 838 ut
514 785 648 858 reciperet
681 781 840 859 Imperium,
876 801 963 852 nunc,

97 877 281 954 allegatione
300 877 377 955 mrsu
393 878 543 937 Caecinam
562 897 596 938 ue
624 880 654 937 V
653 881 769 940 aunum
779 880 963 960 fungeretur,

99 979 267 1036 minitantes
296 981 427 1035 orabant.
470 980 640 1053 Verginius,
669 999 720 1053 per
749 998 882 1038 aversam
913 983 963 1038 ‹lo-

96 1094 156 1134 mus
177 1083 290 1148 partem
312 1077 409 1134 lurtim
431 1080 591 1152 degressus,
622 1080 819 1151 inrumpentes
847 1081 961 1138 frustra·

99 1180 140 1232 tos
160 1183 216 1232 est.
258 1177 377 1240 Earum,
398 1195 471 1250 quae
503 1177 629 1234 Brixelli
649 1187 778 1251 egeram,
798 1179 962 1236 cohortium

97 1291 194 1347 preces
216 1275 342 1332 Rubrius
356 1276 461 1332 Gallus
479 1275 554 1332 tulit.
595 1275 633 1332 ut
655 1277 741 1334 venia
762 1277 859 1334 statim
879 1278 961 1352 inpe-

96 1376 177 1438 trata,
212 1374 444 1434 concedentibus
477 1375 513 1430 ad
549 1375 701 1441 victorem,
735 1394 786 1449 per
819 1377 959 1434 Flavium

97 1472 246 1537 Sabinum,
281 1472 317 1529 iis
357 1471 459 1544 copiis,
498 1473 600 1547 quibus
641 1475 809 1546 praefuerat.
860 1475 960 1532 Posito
971 1487 1012 1544 527,

93 1571 196 1645 ubique
219 1571 307 1636 bello,
338 1587 443 1643 magna
473 1587 538 1644 pars
569 1573 695 1628 Senatus
721 1577 885 1628 extremum
904 1573 961 1629 ‹lis-

94 1671 205 1728 crimen
235 1669 317 1735 adiit,
337 1670 466 1742 prolecta
495 1687 561 1728 cum
583 1671 700 1728 Othone
728 1672 765 1727 ab
793 1673 872 1738 urbe,
891 1671 961 1729 dein

94 1765 228 1825 Mutinae
258 1769 369 1824 relicta.
390 1768 461 1826 illuc
489 1771 613 1826 adverso
632 1771 669 1826 de
691 1753 801 1842 praelio
822 1771 959 1828 adlatum.

93 1869 142 1924 sed
164 1865 292 1931 militen«
305 1873 336 1923 ot
356 1867 458 1924 salsum
479 1885 621 1925 rumorem
646 1869 959 1945 adspernantes,quod

93 1963 238 2022 infensum
258 1965 369 2023 Othoni
399 1967 540 2023 Senatum
572 1967 791 2036 arbitrabantur,
812 1971 958 2027 custodire

92 2081 250 2130 sermones,
271 2065 383 2121 vultum
412 2063 600 2140 habitumque
628 2067 740 2124 trahere
760 2067 792 2125 in
813 2069 957 2125 deterius:

93 2162 239 2220 conviciis
269 2167 413 2236 postremo
441 2179 477 2220 ac
508 2165 618 2237 probris
641 2181 772 2222 caussam
792 2171 823 2222 et
841 2166 958 2223 initium

92 2261 193 2318 caedis
212 2263 406 2336 quaerebant:
437 2279 504 2320 cum
524 2263 597 2320 alius
617 2263 734 2336 iusuper
754 2268 847 2320 metus
869 2265 959 2320 Sena*

91 2359 202 2417 toribus
232 2359 362 2427 instaret,
390 2377 437 2427 ne,
458 2361 634 2433 praevalidis
661 2361 720 2419 iam
749 2360 868 2417 Vitellii
898 2379 959 2434 par·

92 2457 179 2526 tibus,
209 2464 383 2515 cunctanter
411 2459 566 2532 excepisse
589 2459 742 2516 victoriam
763 2459 956 2516 crederentur.

89 2557 133 2614 ila
153 2555 260 2629 trepidi
281 2562 311 2614 et
332 2557 473 2631 utrimque
494 2558 577 2615 anxii
597 2562 723 2615 coeunt:
757 2573 845 2614 nemo
865 2557 959 2630 priva·

90 2655 143 2712 tim
165 2653 305 2728 expedito
324 2655 458 2723 consilto,
478 2656 554 2712 inter
575 2658 679 2714 multos
699 2657 840 2714 societate
854 2660 958 2731 culpae

92 2753 189 2811 tutior.
231 2753 378 2811 Onerabat
400 2755 569 2827 paventium
597 2771 679 2812 curas
701 2757 780 2814 Ordo
811 2755 958 2814 Mutinen-

91 2853 141 2919 sis,
154 2855 246 2908 'nnuc
265 2859 291 2908 et
309 2849 457 2927 pamniam
482 2853 639 2921 offerendo,
660 2855 881 2930 appellabatque
900 2855 958 2913 Pu·

90 2955 149 3007 trec
182 2947 370 3026 conscriptos,
404 2951 614 3024 intempestivo
646 2953 764 3010 honore.
818 2955 1011 3024 Notabil053

90 3047 216 3122 iurgium
235 3048 305 3106 inde
325 3049 387 3116 luit,
407 3067 463 3124 quo
483 3048 617 3108 Licinius
638 3051 770 3110 Caecina
785 3053 958 3112 Marcellum

90 3147 223 3220 Eprium,
242 3153 274 3204 ut
293 3145 428 3224 unrbiguc
454 3147 639 3218 disserentem,
663 3151 781 3208 invasit.
825 3153 890 3210 Nec
911 3171 958 3210 oe·

94 3245 150 3302 teri
180 3247 341 3303 sententias
374 3247 559 3321 aperiebant:
581 3250 632 3306 sed
656 3249 784 3308 invisum
818 3251 959 3308 memoria

90 3343 280 3408 delationum,
320 3345 541 3420 expositumque
571 3348 608 3403 ad
640 3347 786 3404 invidiam
821 3346 957 3401 Marcelli

90 3459 210 3508 nomen,
222 3441 394 3500 inritaverat
413 3443 585 3508 Caecinam,
598 3447 629 3498 ut
650 3459 743 3499 novus
764 3440 869 3501 adhuc,
882 3443 912 3492 et
925 3439 957 3495 in

130 3556 201 3596 von.
222 3557 257 3596 rr.
536 3542 573 3591 20
