2114 3830
89 183 224 232 scer.
304 181 374 230 ms.
399 181 446 230 rr.
497 181 576 228 oss.
601 159 771 230 bb-os.
894 163 966 232 375

86 338 222 397 hiberna
248 339 387 396 subversa
413 341 614 410 crematoquer
643 333 680 391 lts
707 340 820 394 tantum
847 337 967 406 relictis,

88 455 168 512 quse
200 437 385 512 Magontisci
399 452 435 493 ac
449 435 649 492 Vindonissae
675 435 732 494 sita
755 443 832 495 sunt.
874 439 967 514 Legio
977 449 1018 508 62

86 537 301 594 sextadecima
314 553 381 594 cum
407 533 524 593 auxiliis
550 535 635 592 simul
663 535 771 594 deditis
795 553 813 594 s
834 537 967 596 Novesio

84 635 118 693 in
139 637 295 694 coloniam
308 635 504 694 Treverorum
533 636 693 709 transgredi
715 637 841 704 iubetur,
869 639 969 710 praeli-

85 735 156 793 nita
187 735 248 802 die,
275 735 352 792 intra
379 751 464 809 quam
491 734 594 792 castris
622 737 788 793 excederet.
835 737 967 796 Medium

84 853 184 894 omne
201 844 315 909 tempus
343 853 394 908 per
418 837 513 892 varias
527 851 610 891 curas
634 853 740 908 egere:
761 835 966 910 ignavissimus

84 937 227 1011 quisque,
248 951 398 992 caesorum
418 936 492 1007 apud
515 934 625 991 Vetera
639 937 784 1007 exemplo,
806 942 965 1008 parentem

85 1036 203 1092 melior
216 1051 282 1106 pars
297 1037 397 1091 rubore
412 1039 441 1089 et
453 1033 587 1090 infamia:
603 1035 706 1108 ‘quale
720 1034 791 1090 illud
806 1032 883 1093 iteri
902 1035 966 1110 quis

86 1135 174 1192 ‘dux
187 1131 282 1192 viae?
302 1141 331 1190 et
345 1135 442 1190 omnia
470 1133 501 1188 in
516 1131 635 1189 arbitrio
661 1141 769 1199 eorum,
782 1151 852 1208 quos
885 1134 966 1192 vitas

23 1253 27 1262 ’
88 1235 260 1308 ‘necisque
273 1233 407 1290 dominos
422 1224 580 1288 fecissent?
622 1231 694 1297 Alii,
713 1235 793 1289 nulla
813 1233 965 1292 dedecoris

88 1349 177 1400 cnm,
193 1333 358 1406 pecuniam,
367 1331 574 1388 autcarissims
587 1330 761 1400 sibimetipsi
775 1332 965 1390 circumdare.

89 1431 228 1504 Quidam
242 1431 383 1504 expedire
410 1447 498 1495 arms,
520 1428 643 1504 telisque
665 1435 809 1503 tamquam
824 1432 854 1487 in
870 1433 965 1488 aciem

90 1531 227 1604 accingi.
269 1529 353 1587 Haec
375 1529 592 1591 meditantibus,
613 1528 736 1586 advenit
763 1507 966 1600 proficiscendi

90 1631 180 1697 hora,
200 1627 425 1700 exspectatione
440 1628 568 1694 tristior.
611 1628 726 1700 Quippe
753 1626 842 1700 intra(
857 1629 967 1684 vallum

91 1729 268 1786 deformitas
292 1729 369 1784 baud
397 1727 515 1800 perinde
538 1727 673 1784 notabilis
688 1745 694 1780 :
712 1727 825 1783 detexit
845 1725 967 1800 ignomi-

91 1829 179 1886 niam
192 1824 313 1899 campus
326 1831 356 1882 et
374 1827 445 1883 dies.
488 1825 636 1882 Revulsee
666 1827 873 1898 Imperatorum
897 1825 967 1882 ima·

93 1929 194 2001 gines‚
208 1927 348 1982 inhonora
373 1925 466 1998 sigua,
486 1923 663 1998 fulgentibus
686 1925 755 1982 hinc
783 1925 851 1982 inda
868 1925 968 1982 Gallo-

92 2045 163 2086 rum
193 2023 330 2082 vexiliis:
351 2025 441 2081 silens
456 2039 571 2096 agmen,
598 2031 628 2080 et
656 2026 738 2080 velut
765 2026 869 2097 longas
884 2041 967 2080 esse·

94 2128 205 2202 quiae:
226 2127 284 2182 dux
311 2122 449 2182 Claudius
465 2123 601 2190 Sanctus,
628 2123 732 2180 effosso
760 2127 867 2180 oculo:
888 2123 966 2180 dirus

93 2245 160 2293 ore,
180 2224 300 2298 ingenio
327 2222 460 2280 debilior.
511 2222 686 2292 Duplicatur
714 2220 863 2292 flagitium,
891 2225 982 2304 post-¹

94 2343 196 2402 quam,
210 2324 333 2382 desertis
358 2321 562 2379 Bonnensibus
589 2321 701 2385 castris,
728 2299 818 2376 altera
833 2336 864 2374 se
889 2318 968 2391 legio

94 2426 265 2483 miscuerat.
306 2421 355 2488 Et,
387 2422 506 2493 vulgata
533 2425 681 2491 captarum
713 2417 857 2490 legionum
881 2417 967 2484 fama,

99 2523 213 2588 cuncti,
232 2522 280 2597 qui
305 2521 402 2592 paullo
421 2525 490 2575 ante
519 2519 714 2574 Romanorum
739 2533 844 2572 nomeu
872 2516 967 2572 horra-

99 2624 181 2687 bant,
218 2623 418 2695 procurrentes
439 2635 477 2673 ex
508 2615 584 2688 agris
615 2615 758 2688 tectisque
784 2619 813 2670 et
840 2613 968 2687 undique

98 2719 185 2778 ed'usi
196 2717 315 2775 insolito
336 2717 504 2789 spectaculo
533 2713 652 2769 nimium
680 2712 854 2769 fruebantur.
896 2711 967 2768 Non

100 2820 168 2878 tulit
182 2821 228 2874 ala
254 2815 408 2872 Picentina
430 2813 565 2887 gandium
592 2811 757 2868 insultantis
774 2811 869 2885 vulgi:
890 2829 967 2885 spre-

101 2917 196 2991 tisque
225 2915 328 2971 Sancli
356 2911 503 2986 promissis
532 2919 580 2966 aut
617 2909 712 2974 minis,
747 2909 967 2983 Mogontiacum

101 3007 232 3074 abeunt:
254 3030 288 3069 ac
303 3013 376 3068 forte
391 3012 480 3068 obvio
494 3007 680 3066 interfeclore
696 3009 838 3076 Voculae,
861 3009 967 3083 Longi-

101 3133 150 3179 no,
171 3111 315 3170 coniectis
343 3111 374 3167 in
390 3127 455 3165 rum
484 3110 559 3174 telis,
580 3107 695 3164 inilium
722 3090 921 3164 exsolvendae
935 3107 966 3162 in

101 3219 248 3288 posterum
275 3214 378 3282 culpae
403 3207 508 3264 facere.
570 3207 727 3279 Legiones,
754 3205 828 3269 nihil
857 3208 966 3259 mutato

102 3311 218 3374 itinere,
233 3315 300 3365 ante
317 3308 431 3364 moenia
446 3306 642 3364 'freverorum
654 3303 817 3359 considunt.
860 3300 965 3356 Civilis
978 3313 1020 3372 63

103 3414 134 3468 el
162 3407 320 3474 classicus,
352 3408 436 3462 rebus
451 3404 593 3484 ‚secundis
618 3401 733 3467 sublati,
761 3415 799 3458 an
821 3398 967 3456 coloniam
