2090 3838
107 146 180 216 216
430 161 683 212 nrseournavns
827 166 858 212 a.
874 165 905 212 v.
921 164 972 214 ma.

53 320 113 380 :32⁶
125 335 233 378 moram
255 317 325 392 ipsis
339 315 447 376 utilem’
460 316 612 374 disseruit:
628 289 641 349 '¹
653 315 826 376 Exercitum
852 316 972 374 Vitellii

15 479 17 490 ,
103 418 292 476 ‘universum
312 416 484 475 advenisse:
506 433 563 474 uec
583 419 704 474 multum
720 416 855 473 viriuma
881 423 971 491 tergo,

49 547 52 554 ·
105 517 261 593 ‘quonism
276 516 393 574 Galliae
407 521 546 581 tumeant,
560 521 591 572 et
604 517 740 572 deserere
761 515 857 572 Rheni
872 514 972 586 ripam,

106 616 279 690 'inrupturis
306 621 365 672 tam
391 614 503 672 inteolis
528 613 702 679 nationibus,
728 631 786 670 uon
808 616 973 670 conducat:

105 719 114 747 ‘
129 715 331 773 Britannicum
345 713 466 770 militem
481 713 563 770 hoste
577 717 608 770 et
635 713 708 770 mari
733 713 886 770 distineri:
908 713 972 770 llis·

105 815 227 888 ‘panias
240 814 327 870 armis
350 829 409 869 non
435 811 477 868 its
490 812 666 868 redundare:
689 812 874 884 provinciam
900 813 972 868 Nar·

105 915 282 972 ‘nonensem
297 911 412 968 incursu
425 909 527 972 classis
546 915 578 966 et
596 911 722 969 adverso
736 909 848 983 proelio
861 915 971 967 conus·
1028 919 1029 986 i

104 1012 248 1070 ‘muisset
270 1013 398 1068 clausam
423 1009 556 1080 Alpibus,
570 1014 600 1064 et
621 1009 701 1064 nullo
725 1008 813 1065 maris
837 1009 971 1076 subsidio,
1028 999 1029 1078 ἦ

104 1109 365 1181 ‘Transpadanam
380 1108 496 1165 ltaliam
506 1111 596 1181 atque,
611 1105 675 1178 ipso
688 1109 811 1164 transitu
826 1109 969 1164 exercilus
1028 1091 1029 1170 f

103 1211 319 1265 ‘vastammou
333 1206 506 1264 trumentum
516 1221 633 1283 usquam
642 1206 787 1262 exercitui
797 1223 854 1262 nec
862 1205 969 1264 exerci-
1028 1273 1029 1288 χ

103 1306 259 1364 ‘tumulus
272 1286 365 1378 copiis
380 1305 497 1362 retineri
507 1322 600 1378 posse.
642 1305 705 1362 lam
717 1303 969 1378 Germanosquod
1028 1345 1029 1362 ,

103 1412 213 1480 ‘genus
227 1404 350 1462 militum
363 1405 440 1475 apud
454 1405 551 1460 hostes
579 1403 792 1462 atrocissimum
805 1405 854 1471 sit,
881 1409 970 1462 tracto

103 1504 157 1564 ‘in
184 1509 325 1562 aestatem
352 1505 438 1568 bello,
465 1503 551 1560 fluxis
577 1503 752 1576 corporibus,
780 1501 969 1560 mutationem

103 1604 177 1662 ‘soli
190 1604 321 1678 caelique
336 1604 411 1659 haud
426 1604 605 1660 toleraturos.
648 1601 743 1658 Multa
757 1604 851 1668 bella,
867 1602 968 1675 inpetu

103 1703 231 1769 ‘validm
245 1720 296 1774 per
308 1701 405 1758 taedia
415 1705 445 1757 et
459 1683 552 1758 moras
568 1701 734 1757 evanuisse.
776 1701 889 1758 Contra
904 1700 970 1773 ipsis

103 1801 358 1871 ‘omninopulenta
366 1807 396 1856 el
406 1800 462 1856 fida
471 1819 478 1854 ι
487 1799 678 1864 Pannoniam,
689 1797 844 1866 Moesiam,
855 1800 971 1858 Dalma-
1028 1817 1029 1872 l

102 1896 203 1964 ‘tiam,
215 1896 375 1963 Orientem,
383 1915 450 1954 oum
466 1897 586 1972 integris
601 1897 795 1966 exercitibua3
811 1898 929 1956 ltaliam
942 1902 971 1954 et
1028 1873 1029 1958 l

101 1999 207 2066 ‘eaput
220 2011 313 2052 rerum
327 1999 441 2052 urbem:
465 1998 659 2068 Senatumqus
670 2003 700 2052 et
722 1994 878 2067 Populum.
892 2013 970 2054 num·
1028 2007 1029 2068 l

100 2097 108 2125 ⁴
120 2111 205 2167 quam
218 2094 481 2160 obscura-nomina,
494 2094 551 2151 elsi
565 2094 722 2168 aliquando
745 2095 969 2165 obumbrantur-3
1028 2083 1029 2178 l

101 2194 249 2268 ‘publicas
264 2193 447 2266 pusulasque
461 2211 531 2265 opes
558 2199 589 2249 et
615 2193 778 2250 inmensam
804 2195 969 2265 pecuniam,
1028 2183 1029 2274 l

100 2294 196 2352 ‘inter
215 2291 319 2350 civiles
345 2291 504 2348 discordias
532 2291 606 2348 ierro
634 2290 826 2359 validiorem
848 2307 970 2364 corpora

100 2393 244 2450 ‘militum
264 2395 313 2448 aut
336 2389 440 2446 ltaliae
467 2397 558 2456 sueta,
588 2394 637 2445 aut
663 2387 811 2446 aestibus:
832 2390 969 2448 obiacere

100 2491 225 2548 ‘flumen
241 2491 361 2556 Padum,
386 2493 461 2546 tutas
487 2488 556 2544 viris
579 2476 723 2560 murisque
745 2489 847 2557 urbem
868 2505 886 2544 e
910 2488 969 2562 qui·

100 2591 171 2646 ‘bus
186 2591 294 2645 nullam
315 2587 391 2644 hosti
417 2591 571 2654 cessuram,
598 2587 769 2643 Placentiae
796 2587 968 2644 defensione

99 2690 307 2758 ‘exploratum
348 2687 473 2744 Proinde
497 2688 615 2744 duceret
640 2688 757 2744 bellum.
778 2687 879 2760 paucis
909 2689 968 2746 die·
1028 2729 1029 2772 ἡ

99 2785 170 2840 ‘bus
184 2785 458 2858 quartamdecimam
473 2786 627 2858 legionem,
642 2803 746 2858 magno
756 2777 854 2858 'ipsam
872 2787 963 2854 sama,

98 2885 183 2938 ‘oum
201 2881 356 2940 Moesiacis
370 2883 463 2954 copiis
483 2883 599 2940 adfore:
620 2887 680 2940 tum
705 2901 799 2942 rursus
821 2884 965 2942 delibera·
1028 2905 1029 2952 3

98 2983 219 3044 ‘turum
247 2986 286 3046 ol,
314 2981 338 3038 si
366 2981 507 3052 proelium
535 2978 710 3054 placuisset,
731 2983 825 3040 auctis
853 2983 964 3042 viribus
1028 3019 1029 3064 ,

45 3077 292 3144 33‘oertaturoo.’
347 3081 517 3136 Accedebat
545 3081 710 3140 sententiae
744 3081 874 3138 Paulliui
902 3082 971 3140 Ma·
1028 3085 1029 3134 l

96 3175 153 3230 rina
182 3177 300 3240 Celsus,
329 3175 425 3232 ‘idem
451 3181 565 3248 placere
591 3180 691 3238 Annio
718 3177 826 3246 Gallo?
854 3198 963 3252 paucos
1028 3225 1029 3252 ,

96 3276 164 3327 anto
186 3272 248 3327 dics
273 3273 352 3342 lapsu
381 3275 444 3346 eqrri
470 3276 597 3342 adflicto,
623 3278 781 3354 missioni
806 3281 963 3338 consilium
1028 3265 1029 3300 ³

95 3367 156 3424 eius
180 3369 404 3457 sciscitarentur,
431 3375 597 3431 retulerunt.
639 3376 719 3436 Otho
739 3397 845 3453 pronus
864 3381 964 3440 adde·
