2100 3834
12 209 13 212 ,
87 145 160 214 298
387 167 642 221 ursroarsnvru
809 175 839 216 a.
857 169 887 218 v.
903 171 953 218 aaa.

87 320 217 396 ‘egisses
238 321 296 378 suis
320 319 444 380 stimulis
468 321 581 379 excitos
611 321 742 380 Moesiae
762 322 884 379 Duces:
904 339 955 380 sua

88 421 272 478 ‘constantia
288 429 435 492 perruptas
461 423 562 494 Alpes,
582 428 754 494 occupatam
775 421 902 487 ltaliam,
915 422 955 480 in·

65 525 237 592 .‘tersepta
251 519 461 584 Germanorum
486 519 698 594 Raetorumque
722 519 842 578 auxilie.
872 521 957 591 Quod

89 619 260 676 ‘discordes
299 618 498 691 dispersasque
532 617 650 675 Vitellii
674 620 805 691 legiones
832 619 959 694 equestri

89 720 249 790 ‘procella
274 735 341 776 mos
369 717 498 789 peditum
526 717 566 783 vi,
594 735 645 790 per
671 716 748 774 diem
781 725 956 793 noctemque

89 817 237 882 ‘fudisses
265 817 294 874 id
323 815 544 888 pulcherrimum
571 821 600 873 et
628 817 672 874 sui
700 816 806 888 operis.
825 883 827 888 ¹
848 819 955 874 Casum

89 915 271 974 ‘Cremonae
296 917 373 972 bello
399 915 598 986 inputandam.
620 915 727 971 maiore
751 917 870 981 damno,
899 918 956 988 plu-

89 1014 180 1070 ‘rium
209 1013 319 1070 urbium
346 1013 481 1081 excidiis,
510 1021 623 1071 veteres
657 1013 769 1070 civium
795 1015 954 1071 discordias

89 1112 300 1183 ‘Reipublicae
318 1113 443 1168 stetisse.
485 1113 552 1168 Non
573 1130 606 1168 se
622 1111 745 1188 nuntiis,
768 1129 864 1186 neque
885 1113 953 1184 epis

88 1209 184 1276 ‘tolis,
204 1212 255 1266 sed
277 1228 363 1268 manu
391 1217 421 1268 et
442 1210 529 1268 armis
552 1211 723 1284 Imperatori
744 1227 797 1266 suo
819 1211 953 1268 militare.

89 1311 201 1381 ‘neque
216 1293 343 1366 'officere
365 1309 474 1382 gloriae
498 1327 606 1375 eorum,
630 1310 678 1382 qui
710 1310 812 1366 Asiam
841 1310 954 1366 interim

88 1409 336 1481 ‘composuerint.
365 1407 423 1464 illis
452 1408 583 1464 Moesiae
610 1425 722 1480 pacem,
749 1407 806 1464 sibi
834 1411 954 1464 salutem

89 1507 348 1580 ‘securitatemque
374 1506 487 1572 ltaliae,
508 1504 588 1562 cordi
600 1506 697 1562 luisse.
741 1506 807 1564 Suis
823 1507 953 1564 exhorta-

90 1605 236 1664 ‘ticnibus
258 1605 371 1664 Gallius
393 1604 614 1678 Hispaniasque,
636 1603 847 1662 validissimam
872 1613 954 1662 terra·

90 1712 172 1764 ‘rum
188 1713 307 1778 partem,
321 1705 357 1760 sd
373 1703 585 1776 Vespasianum
599 1719 765 1760 conuersus.
808 1704 869 1760 Sed
884 1701 957 1760 oeci·

90 1810 98 1835 ‘
112 1804 190 1860 disse
205 1803 235 1860 in
249 1803 366 1859 inritum
381 1803 502 1866 labores,
515 1803 539 1857 si
556 1801 684 1873 praemia
698 1801 893 1873 periculorum
903 1800 955 1860 soli

91 1887 309 1976 ‘adsequantuc
343 1901 392 1975 qui
426 1899 561 1972 periculis
589 1917 647 1956 non
676 1898 848 1956 adfuerint.'.
891 1902 954 1958 Nec

89 1999 217 2057 lelallere
230 2017 266 2056 ea
281 1999 459 2056 Mucianum.
480 1999 550 2054 inde
563 2015 667 2072 graves
681 1997 863 2056 simultates:
886 2015 954 2072 quas

92 2099 239 2158 Antonius
253 2098 422 2170 simplicius,
438 2096 592 2154 Mucianus
611 2096 728 2164 callide,
748 2113 842 2171 acque
866 2098 955 2170 inpla-

91 2198 213 2258 cabilius
227 2197 380 2256 nutriebat.

39 2304 81 2361 54
147 2301 189 2358 At
222 2294 371 2362 Vitellius,
404 2294 502 2352 lrectis
535 2295 612 2366 apud
646 2293 823 2352 Cremonam
864 2295 957 2361 rebus,

91 2398 208 2458 nuntios
232 2395 324 2454 cledis
351 2395 511 2462 occultans,
534 2395 622 2450 stulta
648 2393 891 2460 dissimulatione,
914 2410 955 2449 re·

91 2497 187 2556 media
224 2495 318 2568 potius
357 2495 506 2555 malorum,
545 2509 631 2565 quum
670 2493 757 2558 mula,
797 2490 957 2548 differebat.

93 2595 209 2668 Quippe
223 2591 375 2651 confitenti
396 2589 630 2664 consultantique
644 2595 813 2659 supereraut
828 2607 896 2661 spes
916 2588 960 2650 ‚vi-

91 2711 213 2766 resque:
234 2708 338 2748 cume
365 2689 509 2754 contrario
534 2691 610 2744 laeta
633 2687 730 2744 omnia
753 2687 888 2759 tingeret,
910 2687 961 2744 lal-

92 2792 131 2848 sis
145 2791 376 2863 ingravescebat.
419 2787 525 2844 lllirum
539 2787 614 2858 apud
629 2786 721 2858 ipsum
735 2785 772 2841 de
785 2787 864 2844 bello
874 2787 962 2845 silen-

94 2887 180 2946 tium:
222 2886 358 2960 prohibiti
393 2903 443 2958 per
477 2885 629 2942 civitatem
662 2869 828 2941 sermones:
871 2901 960 2960 eoque

94 2990 198 3063 plures,
229 3003 274 3052 ac,
301 2984 341 3071 si·
354 2985 465 3048 liceret,
493 3001 562 3038 vere
590 2983 747 3052 narraturi3
779 2982 848 3056 quic
883 2991 960 3040 ueta·

94 3087 207 3152 bantur,
221 3083 361 3140 atrociora
377 3083 579 3154 vulgaverant.
620 3081 686 3138 Nec
708 3081 809 3138 Duces
834 3081 959 3140 lrostium

123 3253 197 3302 li'ulrs's
209 3252 379 3312 ingravescebat]
396 3252 410 3297 i.
426 3265 446 3296 e.
465 3251 615 3310 premebatur,
631 3251 806 3312 deprimebatur.
822 3259 848 3299 ut
864 3255 959 3301 animum

93 3315 237 3374 desponderet
250 3321 271 3354 er
283 3312 340 3356 vires
350 3312 475 3357 delicerent.
507 3309 543 3356 Sic
553 3311 600 3357 Cis.
611 3312 641 3358 de
650 3325 696 3358 seu.
708 3315 743 3358 lt.
754 3325 844 3370 orpora
853 3313 961 3373 defertqu-

93 3374 150 3420 lions
159 3373 323 3430 incruentum.
