2158 3820
11 167 12 190 ,
77 111 127 181 to
417 125 603 180 auunmrm
806 130 835 177 a
851 127 882 178 v.
901 132 958 178 aro.

77 285 215 359 pollebat,
227 282 367 358 gratiores
381 288 467 350 ratus,
481 284 506 340 si
530 281 698 355 Principem
719 281 863 341 societate
887 300 955 340 sce·

76 385 169 441 terum
192 381 401 457 obstringeret3
422 389 515 440 metus
542 382 606 438 eius
628 383 767 440 rimatur:
788 389 957 456 comperto·

78 500 142 560 que,
162 483 338 540 Plautumet
365 483 476 540 Sullam
497 481 626 540 maxime
641 481 747 549 timeri,
769 481 905 540 Plautum
921 481 957 542 iu

78 581 193 648 Asiam,
229 583 340 640 Sullam
364 581 394 638 in
430 581 559 639 Galliam
601 581 825 638 Narbonensem
860 599 959 654 nuper

78 687 209 751 amotos3
244 681 445 738 ‘nobilitatem
479 698 588 747 eorum,
608 685 639 737 et
673 680 849 755 propinquos
884 681 957 741 huic

79 781 239 848 ‘Orientis,
263 780 308 838 illi
333 780 511 838 Germaniae
541 778 699 838 exercitus'
730 785 956 839 commemorat.

79 879 167 936 ‘Non
181 897 222 948 se,
236 885 267 936 ut
283 881 414 947 Burrum,
438 879 569 937 diversas
593 897 669 952 spes,
684 881 735 936 sed
757 882 851 938 solam
872 881 957 938 ioco-

79 979 257 1036 ‘lumitatem
273 980 404 1036 Neronis
430 985 581 1053 spectare:
615 978 665 1036 cui
679 979 780 1036 caveri
794 984 955 1054 utcumque
1064 1038 1065 1044 ,

80 1079 137 1134 ‘ab
161 1079 276 1136 urbanis
304 1079 420 1138 insidiis
445 1079 628 1152 praesentim
660 1079 834 1154 longinquos
856 1083 955 1138 nrotns

80 1182 222 1252 ‘quonam
235 1179 320 1236 modo
340 1178 493 1252 comprimi
508 1174 615 1251 posse?
634 1177 757 1236 Erectus
783 1178 900 1236 Gallias
915 1180 956 1237 ad

79 1282 206 1336 ‘nomen
231 1277 435 1343 Dictatorium,
463 1296 518 1334 nec
545 1278 641 1334 minus
673 1283 824 1352 suspectos
860 1279 956 1338 Asiae

80 1378 221 1451 ‘populos
247 1361 421 1434 claritudine
448 1377 498 1433 avi
522 1375 619 1434 Drusi.
673 1379 785 1436 Sullam
813 1378 957 1452 inopem;

81 1477 177 1534 ‘unde
193 1475 568 1552 praecipuampudaoiam:
589 1482 619 1533 et
644 1477 841 1536 simulatorem
857 1478 958 1553 segni·

80 1576 166 1644 ‘tiae,
179 1578 248 1634 dum
263 1574 407 1632 temeriati
421 1577 518 1632 locum
533 1576 681 1648 reperiret.
724 1577 861 1634 Plautum
874 1595 957 1653 mag·
1065 1567 1066 1574 ἵ

81 1677 145 1734 ‘nis
166 1675 278 1750 opibus,
297 1693 335 1731 ne
359 1675 467 1748 lingere
481 1675 598 1749 quidem
621 1675 790 1749 cupidinem
812 1676 876 1745 otii,
899 1677 957 1736 sed

81 1781 235 1832 ‘veterum
269 1775 465 1831 Romanorum
493 1773 676 1832 imitamenta
704 1775 869 1850 praeferre:
906 1781 958 1838 ad·

82 1875 216 1946 ‘sumpta
229 1872 318 1930 etiam
342 1871 507 1934 Stoicorum
521 1875 692 1947 adrogantia
706 1880 854 1951 sectaque,
877 1895 958 1952 quae

81 1972 231 2030 ‘turbidos
264 1977 294 2028 et
324 1959 505 2054 negotiorum
532 1975 704 2047 adpetentes
735 1973 843 2034 lactat!
885 1977 958 2036 Nec
1066 1963 1067 2008 ³

82 2073 158 2132 ultra
179 2088 266 2128 rnora.
309 2072 401 2138 Sulla,
428 2066 587 2130 sexto'die
610 2074 758 2147 pervectis
787 2075 959 2138 Massiliam

82 2171 307 2246 percussoribus,
329 2174 398 2228 ante
418 2175 526 2228 metum
551 2177 581 2228 et
604 2191 748 2232 rumorem
771 2174 959 2248 interficitur,

81 2287 149 2330 oum
172 2269 312 2343 ,epulandi
331 2286 435 2328 caussa
462 2269 665 2332 discumberet.
707 2273 844 2332 Relatum
865 2283 960 2352 caput

81 2371 144 2429 eius
156 2370 256 2428 inlusit
268 2370 296 2428 N
299 2387 357 2437 erc,
369 2373 514 2443 tamquam
525 2376 706 2442 praematura
726 2373 838 2431 canitie
855 2376 957 2434 delor-

30 2468 70 2526 58
83 2489 139 2530 me.
163 2489 166 2495 ¹
179 2467 286 2528 Plauto
300 2468 393 2542 parari
402 2485 515 2536 necem,
527 2488 585 2528 non
595 2471 716 2546 perinde
727 2476 876 2532 occultum
887 2475 958 2546 luit,

82 2571 149 2646 quia
163 2569 291 2642 pluribus
305 2570 382 2624 salus
396 2567 458 2624 eius
472 2571 645 2640 curabatur;
659 2576 690 2628 et
704 2573 828 2645 spatium
839 2574 960 2634 itineris

46 2723 49 2734 ,
81 2686 118 2726 uc
149 2666 235 2726 maris
263 2671 432 2740 tempusque
463 2665 648 2727 interiectum
672 2678 804 2729 moverat
826 2671 960 2734 lamam:

76 2770 227 2841 'vulgoque
239 2765 397 2839 lingebant,
404 2763 521 2840 petitum
535 2766 571 2825 ab
585 2786 615 2825 eo
629 2759 824 2839 Corbulonem,
838 2775 958 2847 magnis

82 2872 143 2925 tum
158 2863 336 2922 exercitibus
356 2863 580 2936 praesidentem,
594 2869 619 2924 si
633 2869 705 2926 clari
721 2878 806 2945 atque
820 2871 972 2932 insontes-

81 2965 321 3028 interficerentur,
358 2961 544 3036 praecipuum
569 2967 605 3030 ad
628 2967 767 3040 pericula.
801 2970 888 3045 ‘quin
924 2979 958 3032 et

42 3105 48 3116 .
81 3065 205 3124 ‘Asiam
219 3062 319 3120 lavore
333 3061 450 3119 iuvenis
464 3080 542 3120 arma
558 3065 691 3140 cepisse3
714 3085 770 3126 neo
785 3069 904 3138 milites,
919 3075 961 3134 ad

80 3159 195 3222 ‘scetus
229 3160 340 3228 missus,
383 3165 434 3217 aut
469 3179 598 3222 numero
640 3166 764 3235 validos,
798 3173 848 3226 aut
891 3172 958 3230 ani·
990 3195 993 3201 ·

80 3271 146 3321 ‘mo
177 3266 342 3334 promptos:
385 3261 536 3331 postquam
560 3261 639 3321 iussa
673 3266 790 3342 efficere
813 3267 958 3342 nequive-

79 3361 217 3432 ‘rint,ad
243 3377 310 3434 spes
331 3373 423 3418 novas
450 3357 607 3417 transisse?
647 3362 736 3424 Vana
760 3365 846 3436 baec,
871 3385 957 3429 ruore
