2158 3820
121 169 170 236 24
472 182 656 232 susacim
688 191 690 196 ·
843 185 875 233 s.
890 181 921 233 v,
936 186 990 234 ors.

25 407 26 420 χ
121 357 222 400 cruore
235 337 355 413 captivo
364 337 481 396 adolere
500 354 565 396 aras
587 346 617 396 ct
631 337 781 396 hominum
794 337 873 396 fibris
885 355 992 397 consu-

121 441 183 498 lere
210 440 302 501 Deos,
328 438 371 494 las
399 438 554 495 habebant.
597 439 679 496 llaec
706 438 806 513 agenti
835 439 990 507 Suetonio,

67 530 108 589 {tl
122 535 264 612 repentino
272 534 384 614 defectio
390 533 549 612 armanno
560 533 717 594 nuntietur.
758 537 823 594 Rex
836 538 995 596 Icenorum

122 637 306 708 Prasutagus,
320 638 407 710 longa
429 635 581 710 opulentia
594 638 698 702 clarus,
719 636 875 694 Gaesarem
889 636 991 692 baere-

121 737 199 802 cem,
219 736 346 808 duamue
373 733 447 792 filias
470 735 633 808 scripserat,
653 733 706 790 tali
726 735 874 808 obsequio,
898 739 987 802 ratus,

122 835 314 908 Regnumque
338 841 368 890 et
383 835 510 894 ,domum
534 851 615 911 suam
645 837 742 906 procul
767 829 877 890 iniuria
902 832 989 888 lore:

122 935 197 1008 quod
211 937 314 990 contra
333 933 441 990 vertit:
462 933 545 1000 adeo,
559 941 598 989 ut
614 931 748 1004 Regnum
768 949 819 1003 per
837 930 991 988 Centurio·

122 1049 184 1097 ues,
197 1032 299 1088 domus
314 1049 365 1104 per
374 1048 483 1098 servos,
498 1032 579 1088 velut
592 1035 680 1104 capta
694 1037 883 1087 vastarentur.
924 1030 991 1088 lam

122 1131 244 1203 primurn
266 1147 338 1186 uxor
361 1129 432 1196 eius,
448 1111 604 1196 Boedic'ca,
626 1129 792 1186 verberibus
813 1129 937 1194 adlecta,
957 1131 992 1186 et

122 1228 200 1286 tiliae
220 1234 319 1302 stupro
346 1228 473 1285 violatae
496 1234 572 1285 sunt.
614 1228 768 1301 Praecipui
795 1227 899 1302 quique
925 1229 992 1285 lce·

122 1344 233 1393 uorum,
247 1327 329 1401 quasi
342 1333 478 1385 cunctam
500 1327 648 1400 regionem
662 1327 774 1384 muneri
795 1327 994 1399 accepissent,

122 1426 212 1483 avitis
226 1426 308 1483 bonis
322 1432 474 1493 exuuntur,
488 1431 519 1482 et
543 1425 691 1500 propinqui
713 1425 801 1498 Regis
821 1427 896 1483 iuter
910 1442 994 1484 muu-

123 1523 200 1597 cipia
215 1525 402 1582 habebantur.
444 1525 509 1597 Qua
532 1523 719 1588 contumelia,
733 1531 763 1580 et
784 1530 863 1580 metu
875 1523 994 1598 gravio-

122 1639 184 1679 rum
197 1619 326 1698 (quando
338 1623 369 1679 iu
383 1623 503 1680 sormam
517 1622 686 1695 provinciae
697 1619 862 1699 cesserant)
873 1621 994 1694 rapiunt

123 1737 212 1784 arma,
225 1721 378 1778 commotis
393 1723 428 1778 ad
449 1721 669 1779 rebellationem
690 1721 930 1786 Trinobantibus,
949 1725 994 1790 et,

124 1817 174 1894 qui
187 1818 239 1875 alii
252 1820 379 1876 nondum
393 1820 520 1878 servitio
541 1820 634 1887 lracti,
658 1838 800 1878 resumere
825 1821 995 1878 libertatem

125 1919 250 1975 occultis
279 1918 531 1977 coniurationibus
565 1919 754 1994 pepigerant;
787 1919 928 1990 acerrimo
958 1918 995 1977 in

110 2021 279 2073 *veteranos
306 2017 382 2075 odio.
402 2019 510 2092 quippe
530 2019 561 2075 iu
585 2019 730 2075 coloniam
758 2018 995 2076 Camulodunum

126 2131 229 2172 recena
242 2115 370 2182 deducti,
383 2118 532 2190 pellebant
550 2117 692 2186 domibus,
704 2119 896 2175 exturbabant
914 2116 995 2190 agris

126 2210 256 2289 cnpboos,
282 2229 375 2270 seruos
388 2215 578 2286 adpellando:
600 2215 765 2273 foventibus
793 2214 993 2288 inpotentiam

127 2319 330 2370 ueteranorum
344 2313 492 2374 nilitibus,
505 2313 696 2371 similitudine
711 2313 799 2380 vitae,
811 2320 840 2372 et
852 2333 905 2388 spe
917 2315 996 2372 eius·

126 2411 194 2468 dem
216 2410 361 2468 tinentiae.
405 2411 453 2468 Ad
468 2411 703 2484 haectemplum,
725 2413 764 2470 D.
786 2413 910 2470 Claudio
923 2430 996 2472 cou-

127 2509 269 2576 stitutum,
290 2509 371 2584 quusi
395 2527 447 2566 arx
461 2515 596 2568 aeternae
623 2510 829 2568 dominationis
851 2511 998 2584 adspicie-

127 2608 229 2675 batur;
265 2605 429 2681 delectique
470 2607 653 2675 Sacerdotes,
693 2609 792 2683 specie
832 2609 994 2681 religionis,

126 2715 227 2760 omnes
248 2704 373 2762 lortunas
401 2705 597 2764 effundebant.
640 2709 705 2766 Nec
732 2710 851 2766 arduum
872 2710 995 2768 videba-

127 2806 181 2868 tur,
195 2802 368 2858 exscindere
380 2805 537 2870 colonium,
551 2805 841 2864 nullismunimentis
855 2816 971 2881 septam
988 2830 995 2866 :

127 2903 203 2975 quod
237 2901 368 2958 Ducibus
399 2905 505 2960 nostris
535 2923 634 2978 parum
661 2907 811 2978 provisum
832 2911 904 2974 erat,
923 2909 996 2964 dum
1054 2923 1056 2932 ⁴

70 2985 116 3044 32
128 2999 299 3086 amoenitati
319 2999 405 3074 prius,
426 3003 588 3075 quamusui
601 3004 772 3062 consulitur.
816 3007 898 3064 luter
911 3022 998 3083 quac,
1055 3035 1056 3041 .

154 3152 337 3208 Oratore-captivo
354 3153 441 3199 odolen
455 3157 515 3216 arcs]
546 3157 583 3204 De
597 3157 639 3202 hac
649 3157 769 3212 Britannis,
785 3157 865 3212 Gallis,
875 3160 997 3212 Germanis

127 3211 237 3322 ῧιὲιξιιιιηί
251 3210 401 3269 inmanitate,
416 3213 492 3260 dicam
510 3216 539 3261 ad
559 3215 659 3262 libellum
680 3217 716 3264 De
732 3218 830 3266 moribus
849 3219 994 3270 Germaniae.
1054 3237 1055 3271 l

156 3343 283 3404 Icenorum]
315 3345 351 3391 De
362 3347 521 3397 leeuisdictum
533 3352 613 3398 Auual.
624 3353 677 3399 xli.
688 3357 724 3400 ³1.
791 3349 793 3353 ’

158 3419 346 3485 lbimbcrrtr'bnr]
387 3427 542 3475 Trinobantes.
582 3429 650 3476 Nunc
672 3431 736 3478 Com.
757 3431 890 3494 umnec,
914 3437 996 3486 linet.
1053 3431 1054 3499 l
