2100 3816
94 181 142 250 90
416 199 612 256 tunsurus,
819 199 850 245 a.
866 195 899 245 v.
915 197 967 246 ars.

92 355 316 430 Ergo‘regredi
340 359 370 412 et
393 354 524 412 indicere
546 349 676 413 mortem’
689 353 811 410 iubetur.
853 349 966 408 Tradit

93 454 203 512 Fabius
218 455 364 520 Rusticus,
378 461 454 511 ‘non
476 471 522 519 eo,
535 471 593 528 quo
614 456 742 516 venerat,
756 449 863 507 itinere
888 451 967 508 redi·

93 559 183 618 ‘tum,
209 555 260 610 scd
283 553 399 610 flexisse
421 553 458 608 ad
490 551 615 610 uentum
642 550 833 614 Praefectum,
857 554 888 606 et
913 567 968 606 ex·

93 651 214 725 ‘positis
242 651 375 710 Cameris
402 651 496 718 iussis,
522 667 560 707 an
590 651 814 722 obtemperaret,
840 648 966 706 interro·

94 751 246 826 ‘gavisse3
281 751 478 824 monitumque
512 750 549 806 ab
583 766 628 815 eo,
663 753 694 806 ut
727 745 964 820 exsequeretur;'

95 849 176 908 latcli
191 848 319 907 omniurn
330 848 459 923 ignavis.
474 863 541 905 num
552 854 582 906 et
593 848 732 905 Silvanus
743 847 819 903 inter
829 847 964 903 coniura-

96 954 140 1006 tos
165 955 237 1015 eret,
263 949 444 1022 augebatque
471 949 592 1013 scelera,
613 945 645 1003 in
669 962 788 1020 quorum
818 945 967 1002 ultionem

93 1051 289 1105 consenserat.
330 1046 561 1104 Vocitnmeuet
575 1044 726 1119 adspectui
740 1043 878 1117 pepercit.
915 1045 964 1100 ln·
1035 1030 1036 1110 i

95 1145 274 1219 trornisitque
292 1145 328 1202 ad
345 1147 490 1202 Senecam
509 1161 596 1202 unum
610 1163 649 1202 ex
664 1143 899 1208 centurionibus,
913 1142 967 1216 qui

43 1239 84 1297 62
95 1242 284 1302 necessitatem
293 1241 421 1300 ultimum
434 1243 628 1301 denuntiaret.
670 1245 724 1301 llle
738 1241 885 1300 interritus
900 1257 965 1314 pos-
1036 1246 1037 1314 l

95 1345 137 1402 cit
160 1340 317 1400 testamenti
348 1341 480 1400 tabutas.-
499 1359 546 1410 ao,
578 1344 744 1416 denegante
772 1340 967 1406 Centurione,
1036 1331 1037 1340 ’

95 1460 253 1502 conversus
268 1443 304 1498 ud
319 1443 437 1508 amicos,
452 1442 584 1515 ‘quando
608 1439 717 1498 meritis
737 1457 835 1497 eorum
857 1438 964 1496 reterre
1037 1462 1038 1500 t

98 1543 239 1619 ‘gratiana
254 1539 471 1616 prohiberetur:
490 1542 565 1615 quod
580 1557 668 1598 unum
685 1540 787 1598 iamet
807 1537 967 1612 pulcherri-

96 1662 173 1702 mum
202 1644 338 1709 habebat,
365 1640 546 1714 ‘imaginem
572 1641 652 1696 vitae
683 1656 753 1697 suae
781 1633 965 1712 relinquere?
1038 1678 1039 1694 ,

97 1747 235 1799 testatur:
256 1741 355 1797 ‘cuius
368 1739 393 1796 si
419 1756 561 1796 memores
574 1743 681 1805 essent,
706 1740 845 1795 bonarum
858 1734 965 1792 artium

94 1842 232 1906 ‘temam
255 1843 316 1895 tum
340 1839 501 1896 constantis
529 1837 677 1895 amicitiae
704 1833 827 1894 laturos?
868 1834 965 1892 Simul
1039 1892 1040 1906 ,

96 1939 231 1998 lacrimas
262 1955 370 2002 eorrun,
404 1938 490 1994 rnodo
525 1955 667 2004 sermone,
691 1937 777 1994 modo
812 1933 968 2001 intentior,

96 2041 127 2096 in
143 2039 259 2094 modum
281 2036 456 2100 coercentis,
481 2037 516 2094 nd
541 2035 745 2094 firmitudinem
769 2041 900 2102 revocet,
921 2051 966 2091 ro·

96 2137 210 2212 gitansr
229 2136 299 2194 ‘ubi
325 2139 480 2209 praecepta
501 2132 684 2208 sapientiae?
703 2135 752 2192 ubi
778 2141 820 2192 tot
841 2155 893 2208 per
915 2155 967 2194 ars·

97 2243 169 2293 ‘nos
183 2235 321 2292 meditata
336 2235 409 2292 ratio
423 2235 577 2292 adversum
590 2233 787 2294 inminentis?
808 2235 865 2293 uui
884 2235 967 2296 enim

98 2337 249 2410 ‘ignaram
275 2333 363 2390 luisse
390 2333 546 2390 saevitiam
573 2332 721 2392 Neronis?
755 2335 859 2409 Neque
885 2335 970 2392 aliud

98 2440 278 2507 ‘superesse
310 2438 374 2505 post
416 2437 538 2490 matrem
571 2432 744 2508 fratremque
786 2433 972 2504 interlectos,

97 2539 201 2606 ‘quam
215 2538 246 2588 ut
266 2530 430 2587 educatoris
454 2531 703 2606 praeceptorisque
730 2547 833 2589 necent
857 2531 967 2590 adiice·

45 2623 179 2686 63‘ret.’
219 2627 281 2685 Vbi
298 2629 372 2685 haec
395 2635 481 2702 atque
502 2617 618 2687 talla'io
645 2647 799 2688 commuue
819 2631 967 2700 disseruit,

97 2728 301 2800 complectitur
320 2744 449 2793 uxorem,
475 2731 514 2794 et,
542 2731 699 2800 paullulum
720 2731 858 2786 adversus
887 2747 970 2803 prae·

97 2833 210 2884 sentem
236 2824 433 2882 tortitudinem
455 2826 593 2894 mollitus,
622 2833 704 2902 rogat
726 2834 856 2902 oratque,
875 2834 968 2886 ‘tem-

98 2929 230 2999 ‘peraret
258 2925 364 2988 dolori,
391 2942 446 2982 nec
473 2932 621 2984 aeternum
653 2927 826 2999 susciperet,
856 2929 908 2984 sed
936 2927 972 2985 in

99 3023 365 3095 ‘contemplatione
380 3027 469 3090 vitae,
497 3043 552 3097 per
575 3025 712 3082 virtutem
737 3031 830 3091 actae,
854 3025 970 3082 deside·

98 3124 188 3182 ‘rium
203 3121 299 3178 mariti
312 3124 424 3180 solatiis
446 3123 575 3181 honestis
590 3122 745 3180 toleraret?
787 3123 843 3181 llla
856 3129 971 3182 contras

98 3219 153 3278 sili
175 3237 280 3297 quoque
307 3218 473 3278 destinaram
498 3227 623 3289 morton,
650 3223 813 3288 adseverat,
840 3239 971 3280 manum·

99 3338 153 3394 que
168 3319 343 3392 percussoris
362 3320 505 3392 exposcit.
547 3321 627 3379 Tum
644 3321 769 3388 Seneca,
783 3319 893 3394 gloriae
908 3321 973 3379 eius

102 3435 164 3479 oon
177 3417 325 3491 adversus,
339 3416 424 3476 simul
447 3435 554 3490 amore,
568 3437 605 3478 ne
625 3418 682 3482 ribi
708 3418 794 3480 unice
821 3418 976 3489 dilectam,
