2114 3830
104 204 244 252 κατι.
341 201 411 249 arn.
437 201 470 249 v.
521 201 599 248 cnr.
632 182 684 248 14.
710 180 766 246 ld.
908 177 979 244 417

157 361 203 414 At
223 351 341 422 Girilis,
363 362 425 428 post
440 357 544 412 malam
558 353 588 410 in
605 353 744 411 Treveris
759 369 892 426 pugnam,
905 367 983 424 repa·
997 343 1035 402 1¹1

107 459 180 514 rulo
209 473 259 526 per
285 454 473 512 Germaniam
499 454 640 518 exercitu,
660 454 735 525 apud
757 453 868 508 Vetera
888 458 987 510 castra*

106 552 265 612 consedit:
287 558 364 610 tutus
375 555 448 614 loco.
464 561 494 608 et
507 558 538 608 ut
560 551 696 608 memoria
712 567 906 623 prosperarum
922 551 983 608 illic

113 669 226 718 rerum,
246 657 435 724 augescerent
450 653 630 706 barbarorum
655 649 754 706 animi.
796 651 919 706 Secutus
939 653 984 706 eet

112 751 227 808 eodem
241 750 373 812 Gerialis,
388 749 543 820 duplicatis
563 750 664 820 copiis,
687 749 813 804 adventu
838 751 983 804 secundae

112 853 148 906 et
162 853 265 904 sextae
276 853 307 903 et
319 847 573 920 quartaedecimae
589 846 743 918 legionum.
785 848 983 919 Gohprtesque

114 953 150 1006 et
165 948 240 1010 alae,
261 947 431 1017 iampridem
451 945 575 1012 accitae,
601 951 664 1016 post
686 945 838 1001 victoriam
854 961 984 1017 propera·

112 1050 232 1106 verant.
281 1046 392 1102 Neuter
432 1045 549 1100 Ducum
582 1050 741 1100 cunctator.
772 1045 831 1100 Sed
865 1047 983 1100 arcebat

110 1144 245 1204 latimdo
277 1159 453 1214 camporum,
493 1150 594 1214 suopte
635 1141 754 1214 ingenio
793 1142 982 1198 humentium.

116 1241 284 1302 Addiderat
298 1240 405 1298 Civilis
418 1239 564 1313 obliquam
578 1241 608 1296 in
624 1240 757 1296 Rhenum
774 1237 888 1304 molem,
903 1241 984 1298 cuius

115 1341 238 1398 obiectu
261 1342 407 1396 revolutus
428 1339 522 1395 amnis
549 1339 749 1395 adiacentibus
770 1341 984 1408 superfundere·

118 1445 177 1498 tur.
197 1433 200 1440 ’
219 1440 264 1496 Ec
298 1438 356 1494 loci
376 1438 474 1503 forma,
495 1438 613 1494 incertis
634 1436 716 1492 vadis
737 1438 856 1492 subdola
883 1443 913 1492 el
935 1454 983 1493 no·

114 1539 165 1596 bis
185 1539 316 1620 adversa.
337 1537 443 1610 quippe
465 1536 547 1592 miles
569 1536 714 1591 Romanus
728 1534 814 1591 armis
835 1538 932 1608 gravis
953 1540 983 1593 et

115 1635 211 1696 nandi
241 1636 381 1708 pavidus3
414 1635 584 1699 Germanos,
616 1635 778 1692 fluminibus
807 1641 913 1702 suetos,
944 1638 983 1692 le·

115 1735 197 1793 vitae
219 1751 360 1790 armorum
374 1739 403 1790 et
418 1734 573 1806 proceritas
594 1751 743 1804 corporum
763 1735 885 1792 adtollit.
926 1734 981 1808 lgi-
997 1742 1034 1803 15

116 1839 174 1898 tur,
203 1833 412 1889 lacessentibus
444 1831 575 1896 Batavis,
595 1831 772 1888 ferocissimo
794 1833 897 1905 cuique
920 1851 982 1889 noe·

116 1938 226 1990 trorum
247 1935 382 2002 coeptum
403 1937 560 1987 certamen.
591 1930 696 1988 deinde
723 1937 786 1988 orta
819 1933 983 2005 trepidatio,

114 2047 186 2089 cum
220 2029 355 2102 praealtis
390 2029 540 2101 paludibus
569 2045 657 2093 arma,
686 2030 761 2102 equi,
793 2031 982 2088 haurirentur.

118 2129 263 2187 Germani
278 2128 355 2185 notis
370 2127 451 2183 vadia
474 2129 677 2198 persultabant,
697 2127 803 2183 omissa
818 2131 983 2200 plerumque

116 2229 223 2292 fronte,
250 2230 339 2283 latera
360 2243 394 2282 ac
421 2231 501 2300 terga
527 2227 799 2282 circumvenientes.
822 2245 924 2301 neque,
952 2231 984 2284 ut

118 2327 154 2384 in
188 2325 313 2397 pedestri
341 2327 416 2390 acie,
446 2325 577 2382 cominus
604 2328 784 2394 centaretum
818 2327 880 2392 sed,
912 2331 984 2384 tam·

90 2461 95 2472 ·
118 2439 206 2498 quam
228 2423 329 2482 navali
350 2440 453 2494 pugna,
476 2423 543 2497 vagi
563 2423 639 2479 inter
670 2425 769 2491 undae,
794 2430 850 2486 aut,
871 2425 983 2500 siquid

61 2587 64 2592 v
119 2521 228 2580 stabile
256 2522 436 2586 occurrebat,
465 2521 533 2578 totis
564 2521 627 2578 illic
647 2522 813 2595 corporibus
844 2523 982 2592 nitentes,

114 2619 263 2678 vulnerati
284 2636 351 2676 oum
383 2619 513 2691 integris,
542 2619 627 2691 periti
657 2621 746 2676 nandi
776 2637 843 2678 cum
875 2623 983 2694 ignaris

116 2719 150 2776 in
173 2723 299 2774 mutuam
330 2717 489 2789 perniciem
520 2718 740 2788 inplicabantur.
763 2720 856 2776 minor
876 2725 983 2788 tamen,

116 2835 204 2892 quam
226 2833 276 2886 pro
297 2817 429 2880 tumultu,
460 2817 581 2872 caedes:
603 2816 679 2890 quia,
710 2835 768 2874 non
799 2820 861 2875 ausi
885 2819 984 2893 egredi

119 2916 255 2991 paludem
276 2914 428 2981 Germani,
448 2915 478 2970 in
498 2919 592 2971 castra
623 2915 742 2972 rediere.
783 2916 855 2974 Eius
882 2918 984 2989 proelii

120 3017 246 3070 eventus
266 3017 415 3086 utrumque
437 3013 559 3077 Ducem,
580 3013 703 3070 diversis
732 3015 822 3072 enimi
851 3019 984 3083 motibus,

122 3114 158 3169 ad
180 3111 377 3168 maturandum
399 3129 526 3168 summae
547 3112 589 3168 rei
616 3112 770 3170 discrimen
792 3115 894 3172 erexit.
936 3115 984 3170 Gi·

120 3209 189 3268 vilia
203 3207 312 3266 instare
325 3197 473 3279 fortunae3
494 3210 617 3268 Cerialis
637 3213 751 3269 abolere
766 3212 983 3288 ignomininam.

151 3363 183 3410 ln
194 3361 298 3410 Treveris
305 3364 413 3423 pugnem]
444 3363 522 3423 Supra,
542 3364 600 3410 Hiat.
614 3363 654 3420 lV,
665 3369 700 3412 77.

149 3443 219 3499 Apud
233 3443 314 3502 celera]
349 3441 426 3488 Vetera
446 3447 526 3496 cestra,
546 3459 603 3490 nunc
622 3443 712 3503 Sanun,
730 3459 743 3490 a
760 3443 830 3492 ctvili
849 3449 916 3506 rapta
930 3444 984 3492 olim

122 3503 262 3562 direptaque,
272 3507 297 3548 ut
306 3499 400 3550 virinus
409 3516 475 3562 supra
483 3502 544 3550 flirr.
557 3502 597 3556 lV,
607 3504 643 3550 uo.

171 3600 245 3641 von.
266 3599 302 3640 rr.
577 3584 616 3639 36
