2090 3838
5 3304 9 3408 p

95 225 122 276 s.
140 227 171 278 u.
187 232 223 279 rr.
320 229 391 277 am.
419 229 456 276 ιι.
504 231 583 308 use.
609 212 668 279 22.
694 213 753 280 23.
890 215 963 284 209

91 381 209 456 sagittis
243 387 292 440 aut
325 383 405 440 saxis
432 383 597 441 incessere:
632 387 775 459 neglecta,
805 393 854 446 aut
887 407 964 448 aevu

91 479 175 537 duaa
188 481 319 538 cominus
346 483 474 556 adgredi.
498 482 633 556 ingemui
656 486 779 558 desuper
803 487 963 547 Othoniani

91 577 165 651 pila,
183 563 297 636 ¹librato
315 581 408 654 magis
433 585 463 636 el
483 587 564 638 certo
591 581 661 649 ictu,
687 585 826 640 adversus
854 591 962 646 temere

89 678 250 735 subeuntes
282 679 418 736 cohortes
452 679 674 747 Germuoomrn,
702 689 790 738 cantu
823 683 904 750 tmui‚
931 689 962 742 et

90 791 173 833 more
200 777 294 850 patrio
321 777 406 835 nudis
429 779 606 851 corporibus,
625 795 712 852 super
732 781 865 837 humeros
878 787 961 840 aurita

88 876 291 948 quatientium.
341 876 541 950 Legionarius,
567 877 671 950 pluteis
696 885 725 934 et
749 879 877 936 cratibus
902 889 960 937 tec-

89 977 148 1041 tas,
175 975 285 1031 submit
314 991 418 1042 muros,
446 975 562 1032 instruit
587 991 730 1049 aggerem,
762 978 879 1036 molitur
899 995 961 1052 por·

88 1075 145 1129 ias.
185 1073 297 1132 contra
331 1072 513 1130 Praetutiani
545 1073 701 1146 dispositus
730 1077 767 1132 ad
802 1075 833 1134 id
865 1077 959 1150 ipsum

87 1174 215 1228 mutares
248 1171 362 1245 ingenti
394 1173 523 1245 pondere
564 1189 600 1229 ac
620 1173 732 1247 fragore
772 1177 957 1248 provolvunt.

88 1285 155 1342 pars
179 1271 364 1328 subeuntium
390 1271 504 1341 obruti;
525 1285 591 1344 para
604 1273 715 1351 cupiri
728 1279 758 1330 st
785 1290 958 1350 exsangues,

87 1375 137 1426 ant
164 1370 265 1439 laceri,
286 1385 352 1426 oum
373 1375 493 1444 augeret
519 1375 645 1444 stragem
673 1373 838 1444 trepidatio,
864 1391 957 1449 eoque

88 1472 183 1529 acrius
210 1489 228 1528 e
256 1469 406 1528 moenibus
434 1473 663 1537 vulnerarentur,
687 1473 809 1539 rediere,
833 1473 957 1530 iniracta

88 1569 213 1642 partium
233 1569 319 1626 lama.
373 1569 413 1626 Et
447 1569 588 1636 Caecina,
623 1572 729 1642 pudore
764 1577 886 1643 oeeptae
916 1578 957 1628 te·

88 1681 167 1726 mere
194 1667 427 1741 oppugnationis,
460 1685 499 1725 ne
531 1669 637 1725 inrisus
668 1685 703 1726 ao
732 1685 824 1726 vanus
852 1669 958 1728 iisdem

87 1767 190 1825 castris
218 1765 372 1832 adsideret,
394 1766 517 1823 traiecto
538 1783 633 1824 rursus
661 1767 749 1835 Pado,
780 1767 955 1826 Cremonam

87 1871 186 1938 petere
211 1864 346 1922 intendit.
388 1863 550 1922 Tradidere
576 1881 642 1921 sese
670 1865 788 1923 abeunti
815 1867 955 1925 Tarutius

89 1961 213 2022 Cerialis
241 1979 308 2020 cum
330 1963 526 2036 compluribus
549 1963 699 2033 classicis3
720 1971 749 2022 et
774 1967 864 2024 lulius
892 1968 955 2025 Bri·

85 2063 224 2137 ganticus
237 2077 304 2119 uum
323 2061 423 2133 paucis
447 2063 593 2136 equitum:
614 2063 663 2121 hio
691 2064 859 2124 Praefectus
879 2069 954 2136 alae,

86 2161 115 2219 in
141 2159 267 2218 Batavis
293 2159 426 2234 genitum
458 2159 509 2218 ille
531 2161 721 2235 Primipilaris
748 2171 778 2232 at
803 2165 953 2224 Caecinae

86 2260 163 2317 haud
186 2259 310 2326 alienus,
337 2259 411 2333 quud
437 2259 554 2316 ordines
578 2260 609 2316 in
635 2261 794 2318 Germania
822 2264 953 2320 duxerat.

87 2357 244 2432 Spurinna,
257 2363 407 2430 compertu
423 2357 529 2415 itincre
552 2357 689 2425 irostium,
711 2360 862 2416 delensam
890 2361 1006 2430 Pla-23

83 2456 222 2522 centium,
247 2471 377 2528 quaeque
400 2461 476 2521 acta,
503 2461 534 2513 et
567 2457 635 2530 quid
665 2458 795 2515 Caecina
830 2467 953 2532 pararet,
980 2448 992 2468 '

84 2555 218 2616 Annium
242 2555 360 2612 (latium
388 2573 440 2628 per
463 2554 572 2612 litteras
594 2557 689 2613 ducet.
732 2556 835 2613 Gallus
865 2559 953 2631 legiu-

83 2671 152 2714 nem
166 2653 289 2728 primam
307 2653 338 2710 in
359 2652 499 2710 auxilium
525 2653 695 2712 Placentiae
722 2656 856 2724 ducebat,
881 2657 952 2715 diiii·
974 2696 979 2703 -

83 2769 131 2810 sus
165 2751 314 2826 paucitate
333 2750 504 2816 cohortium,
539 2769 576 2808 ne
609 2754 723 2826 longius
752 2755 894 2813 obsidium
921 2765 952 2815 et

84 2851 146 2908 vlrn
160 2847 333 2907 Germanioi
347 2848 494 2906 exercitus
508 2866 607 2920 pamm
622 2853 797 2909 tolerarent:
819 2854 867 2911 ubi
892 2859 951 2927 pul·

83 2967 145 3008 sum
170 2947 332 3006 caeninam
366 2965 485 3027 pergere
520 2949 693 3006 cremonam
721 2951 843 3025 accepit,
864 2973 950 3030 aegra

83 3047 243 3104 coercitam
269 3045 425 3119 legionem,
452 3053 481 3101 et
504 3048 652 3120 pugnandi
675 3031 775 3105 ardore
804 3055 950 3126 usquead

82 3146 257 3204 seditionem
285 3159 473 3218 progressam,
498 3144 634 3202 Bedriaci
661 3145 746 3204 sistit.
788 3147 870 3204 luter
890 3151 949 3208 Ve-

113 3315 228 3386 Bedriuci]
259 3316 329 3386 Vims
347 3329 435 3376 parvus,
455 3315 493 3362 aad
509 3318 593 3365 duabus
612 3319 721 3366 Romanis
735 3319 835 3366 cladibus
850 3321 949 3388 insignis,

83 3391 121 3424 nee
129 3377 249 3438 indignior,
257 3390 319 3424 ouius
328 3389 406 3424 verum
415 3389 496 3422 nomeu
504 3378 608 3434 norimus,
618 3391 685 3438 quam
694 3377 785 3424 Cannae
794 3383 834 3424 aut
844 3378 948 3436 Philippi.

120 3475 190 3516 auu.
214 3473 249 3515 ιι.
532 3451 594 3512 18*
