2100 3834
82 185 159 254 282
387 205 671 258 uterorum,
808 208 838 254 s.
854 203 886 254 v.
903 207 961 254 na

84 357 216 436 quamvis
236 358 362 433 pmsimo
382 357 503 432 flagitio,
522 361 759 434 degeneravere.¹
799 360 868 418 Non
897 360 961 418 iam
1041 351 1042 358 '

84 459 211 534 sanguis.
240 477 333 534 neque
363 461 485 516 vulnera
515 461 708 526 morabantur,
740 458 810 534 quin
841 461 962 515 subrue·

85 564 149 616 rent
178 561 296 624 vallum,
324 561 532 632 quaterentque
559 565 672 630 portast
703 556 800 614 innixi
828 558 960 614 humeris

84 663 115 716 et
127 675 214 731 super
233 658 367 714 iteratam
382 656 558 714 testudinem
578 657 764 723 scandentes,
785 661 959 730 prensarent

85 758 211 818 hortium
236 759 295 814 tela
315 754 498 830 braoitiaque.
520 755 626 830 integri
647 773 713 812 oum
734 757 851 821 nauelis,
871 754 959 812 semi·

86 875 175 914 neces
194 873 261 914 eum
291 854 516 928 exspirantibus,
538 855 704 920 volvuntur,
725 855 807 912 varia
837 871 960 926 pereun-

34 933 158 1016 29tium
178 957 268 1014 torma
282 962 312 1012 el
326 954 406 1012 omui
431 953 559 1027 imagine
584 953 727 1010 mortium.
770 952 956 1010 Acerrimum
1043 1019 1044 1034 χ

84 1056 227 1129 septimae
246 1033 405 1127 tertiaeque
419 1052 565 1126 legionum
580 1058 740 1110 certamen.
760 1058 790 1108 et
806 1053 878 1109 Dux
896 1055 957 1110 Au·
1043 1039 1044 1052 ἶ

85 1154 191 1218 tonius,
216 1169 282 1209 eum
306 1152 430 1210 deleatis
461 1150 661 1218 auxiliaribus,
686 1151 791 1208 eodem
818 1152 956 1208 incubue-

84 1257 137 1308 rat.
178 1249 348 1308 obstinatos
362 1250 438 1307 inter
451 1267 483 1306 se
497 1267 564 1306 oum
578 1249 719 1308 sustinere
735 1250 893 1306 Vitelliani
907 1268 955 1306 ne·

84 1350 207 1424 quirent,
227 1354 257 1406 el
271 1348 435 1421 srqreriaota
458 1351 516 1406 tela
540 1349 685 1406 testudine
710 1350 894 1417 laberentur3
916 1350 956 1421 ip·

85 1465 148 1506 sam
167 1451 316 1521 postremo
330 1447 464 1505 balistam
479 1447 509 1504 in
524 1450 681 1506 subeuntes
697 1450 859 1520 propulere.
873 1466 957 1522 quoe,

85 1553 117 1605 ut
131 1548 168 1604 sd
192 1564 326 1620 praesens
340 1546 458 1603 disiecit
476 1527 638 1620 obruitque,
652 1564 723 1620 quos
747 1547 902 1613 inciderat,
916 1547 958 1604 ila

86 1647 241 1721 pinnatae
255 1662 365 1702 summa
383 1645 453 1702 velli
468 1645 548 1700 ruina
563 1662 614 1700 sue
637 1645 735 1702 traxit.
756 1647 841 1703 simul
857 1646 957 1705 iuncta

86 1745 170 1802 turris
184 1745 289 1802 iutibos
303 1761 437 1802 saxorum
451 1743 548 1800 cessit.
570 1759 626 1817 qua
650 1743 807 1816 septimani
831 1746 901 1802 dum
916 1745 957 1804 ui·

87 1849 185 1900 tuotur
197 1843 307 1908 cuneis,
330 1842 469 1898 tertianus
482 1841 630 1900 seouribus
656 1843 820 1916 gladiisque
845 1853 957 1916 portam

86 1939 231 2014 perfregit.
282 1941 408 1998 Primum
433 1940 573 2012 inrupisse
604 1941 640 1998 O.
663 1939 827 2008 Volusium,
853 1945 957 2001 tertiae

87 2038 210 2113 legionis
234 2037 366 2105 militem,
391 2039 467 2095 inter
492 2055 594 2096 omnes
621 2047 754 2098 auctores
782 2047 909 2098 oonstot.
932 2044 957 2100 is
1045 2095 1046 2104 ,

86 2137 118 2196 in
144 2140 259 2221 vallum
273 2155 412 2212 egressus,
433 2138 591 2196 deturbatis
613 2138 662 2213 qui
689 2139 865 2206 restiterant,
889 2159 957 2200 oon·

86 2237 203 2310 spieuus
230 2254 315 2294 manu
328 2255 364 2294 ao
382 2254 455 2294 vooe
469 2243 552 2312 euplo
564 2244 659 2294 nostru
679 2241 891 2296 conclamavit.
911 2257 957 2297 ee·

89 2336 153 2405 teri,
174 2337 292 2408 trepidis
306 2336 364 2392 iarn
379 2336 568 2405 Vitellianis,
593 2353 681 2410 seque
701 2355 718 2393 e
741 2341 823 2394 vallo
847 2341 956 2411 piraeei·

87 2420 268 2508 pileniibus,·
295 2452 455 2508 perrupere.
489 2437 650 2506 completur
682 2437 783 2502 caede,
817 2447 957 2510 quantum

35 2526 77 2585 30
87 2535 162 2592 inter
176 2541 270 2592 eastra
297 2551 447 2606 murosque
472 2533 560 2590 vanui
585 2534 648 2592 luit.
691 2536 733 2592 At
756 2553 852 2593 rursus
879 2557 956 2596 nova

87 2637 215 2690 laborum
235 2633 341 2690 lanies:
362 2633 451 2688 ardua
475 2633 552 2689 urbis
578 2632 702 2699 moenia,
723 2651 833 2690 saxeae
856 2642 955 2705 turres,

85 2732 182 2788 ferrati
217 2737 360 2803 portarum
393 2730 502 2796 obires,
537 2731 653 2788 vibrans
687 2735 746 2788 tela
774 2732 869 2799 mites,
904 2737 955 2794 ire·

86 2845 177 2905 quens
191 2830 399 2903 obstrictusque
420 2828 590 2886 Vitellianis
606 2830 732 2902 partibus
747 2831 955 2894 Cremonensis

87 2930 217 3002 populus,
239 2945 342 3000 magna
364 2945 427 3000 pars
451 2928 562 2996 ltaliae,
590 2937 666 3004 stato
690 2929 721 2986 in
746 2933 866 2988 eosdem
894 2922 955 2990 die's

86 3033 215 3084 mereatu
244 3034 438 3098 congregata:
472 3028 548 3100 quod
582 3027 779 3085 defensoribus
813 3033 955 3089 auxilium

86 3127 125 3182 ob
157 3124 382 3189 multitudinem,
411 3127 645 3199 oppugnantibus
665 3127 891 3188 iooitnmeotunt
919 3134 956 3188 ob

87 3224 232 3293 praedam,
264 3227 335 3276 erat.
395 3220 474 3296 Rupi
512 3221 593 3296 ignea
629 3226 786 3294 Antonius,
819 3227 955 3306 irp‘eriqse

86 3316 290 3374 nnwenissimr's
308 3323 388 3372 estro
406 3316 502 3374 urbem
526 3319 661 3398 aedificiis
685 3323 781 3394 iuben
802 3326 828 3382 si
849 3329 956 3385 «lemno

86 3431 181 3474 rerum
193 3431 307 3474 suerunt
329 3414 541 3475 Cremonenses
554 3421 591 3475 ud
616 3425 785 3482 mutandam
799 3425 889 3487 tidem
904 3434 957 3484 tra·
