2090 3838
68 184 143 254 alit
366 197 618 252 uranonraavsr
795 197 937 248 avana

68 358 118 428 ris.
143 373 219 433 quaa
239 353 408 416 firmitatem
434 352 531 428 pontis
554 351 748 412 ooutinarent.
801 350 864 409 Sed
892 369 940 412 an·

69 473 201 516 oorsrum
221 455 305 514 tunes
325 471 385 514 aon
405 451 521 512 extenti
534 451 694 516 fluitabant,
717 454 759 517 at,
782 465 941 524 suffimen·

68 562 100 616 ta
132 556 261 624 flumina,
293 555 450 614 iaanenu·
482 551 555 610 ordo
589 550 710 608 navium
739 550 941 608 adtolleretur.

69 655 237 716 claudebat
250 659 369 728 pontem
382 649 509 724 inposita
523 648 607 708 turris
627 653 658 706 et
669 648 702 708 in
715 655 882 708 extremam
896 665 946 708 nar

70 771 141 814 vam
164 754 287 812 eduots:
320 751 398 810 unde
424 749 576 808 tormentis
603 764 640 808 so
670 746 815 806 maobiais
844 749 943 808 bostat

18 841 60 902 35
70 853 314 928 propulsarentur.
373 847 536 908 Othoniani
562 847 594 906 in
621 845 685 922 ripa
711 845 813 904 turrim
832 851 946 904 abrrxa·

71 957 149 1012 rant.
170 967 300 1026 saxaque
323 953 354 1008 at
373 947 452 1004 isoes
466 947 674 1026 iaculabantur.
714 945 755 1006 Et
779 950 844 1002 erat
863 945 944 1004 insu·

73 1054 104 1110 la
123 1068 210 1108 amne
234 1048 340 1116 madio,
363 1047 394 1104 iu
420 1063 506 1122 quam
532 1044 707 1120 gladiatores
733 1043 860 1102 navibus
885 1060 944 1102 mo·

73 1150 194 1216 tientes,
218 1145 359 1206 Germani
383 1145 483 1204 nando
507 1144 755 1217 praelabebantur.
797 1143 944 1202 Auferte

72 1248 169 1321 plnres
180 1251 382 1318 transgressos,
395 1243 550 1317 eompletis
563 1243 740 1310 Liburnicis,
760 1259 812 1316 per
832 1259 945 1316 promp-

72 1345 201 1404 tissimus
227 1342 421 1418 gladiatorum
449 1341 552 1400 Msuer
577 1342 751 1416 adgrerlmr.
806 1341 868 1399 Sed
893 1358 946 1400 ne·

72 1461 130 1520 qna
164 1459 202 1502 ea
234 1441 399 1500 oorrstantia
418 1441 625 1516 gladiatoribus
658 1441 694 1498 ad
722 1439 842 1515 proelia,
868 1455 945 1515 quaa

74 1542 234 1612 militibusr
264 1556 321 1600 neo
348 1539 471 1614 munde
496 1545 631 1598 nutantes
654 1557 673 1596 e
696 1538 831 1607 navibus,
857 1553 946 1616 quam

74 1623 175 1700 stabili
198 1641 326 1716 gradus
350 1638 423 1712 ripa,
447 1640 569 1696 vulnera
592 1637 766 1716 dirigebant.
807 1637 856 1705 Et,
875 1653 946 1696 num
972 1699 976 1703 ,

76 1740 166 1798 variis
193 1737 398 1814 trepidantium
425 1736 676 1804 inelinstionibus,
701 1735 787 1794 mixti
819 1736 947 1812 remige·

76 1842 360 1914 propugnatoresque
388 1837 579 1902 turbarentur,
604 1834 722 1892 desilire
744 1833 775 1892 in
804 1836 881 1892 vada
904 1835 948 1892 ul-

77 1941 122 1992 tro
155 1935 306 1999 Germani,
342 1939 488 1994 retentare
528 1949 648 2007 puppes,
687 1933 827 1992 scandere
858 1932 947 2002 toros,

75 2042 126 2092 aut
146 2032 278 2091 oominus
299 2049 446 2106 mergere:
471 2015 545 2108 qu'se
558 2031 717 2098 nunota,in
740 2031 948 2090 oeulisutrim·

77 2149 132 2208 qne
160 2132 319 2197 exereitus,
352 2136 460 2206 quanto
494 2130 615 2190 laetiora
648 2129 829 2197 Vitellianis,
862 2136 948 2190 unio

75 2230 173 2290 aerius
187 2229 348 2288 Othoniani
361 2245 493 2286 nauseam
504 2237 706 2304 auctoremque
720 2228 813 2286 eladis
822 2229 951 2287 detesta-

25 2341 68 2402 30
79 2331 192 2388 bantur.
231 2328 271 2386 Et
293 2328 433 2402 proelium
457 2327 582 2401 quidam,
603 2327 731 2401 abruptis
750 2345 823 2403 quae
849 2345 950 2402 super·

79 2434 162 2488 erant
178 2428 309 2497 navibus,
336 2427 604 2500 lugadirerpptum:
634 2426 736 2484 Maoer
761 2428 799 2485 ad
821 2427 949 2486 exitium

79 2529 261 2601 poscebatur.
303 2527 422 2600 lamque
434 2527 616 2584 vulneratum
630 2525 744 2584 eminus
752 2528 856 2584 lanoea
865 2526 950 2584 strio·
1043 2523 1044 2550 ¹

80 2625 118 2682 tis
138 2625 243 2698 gladiis
268 2624 448 2692 invaserant,
474 2641 541 2682 num
568 2625 730 2684 interoursu
751 2624 951 2684 Tribnuornm

81 2723 346 2798 centurionumque
360 2722 526 2796 protegitur.
568 2724 634 2781 Neo
653 2726 744 2782 multo
758 2728 821 2797 post
835 2723 951 2782 Vestri·

81 2819 145 2880 aius
160 2821 315 2894 Spurinna,
334 2819 412 2878 iussu
426 2821 560 2888 Othonis,
580 2821 683 2879 relioto
697 2820 869 2906 Placentiae
889 2837 950 2880 mo-

81 2918 151 2976 dion
170 2918 322 2992 praesidio,
342 2935 409 2976 oum
419 2920 585 2978 eohortibus
599 2919 744 2988 subvenit.
784 2920 866 2978 Dein
881 2921 951 2978 Fla-

81 3014 165 3076 vium
185 3016 334 3084 Sabinum,
358 3017 516 3076 Conantem
542 3019 733 3094 designatum,
752 3017 832 3076 Otho
856 3023 951 3076 reolo

82 3131 144 3172 rem
166 3114 259 3186 oopiis
283 3114 370 3180 misit,
398 3116 500 3190 quibus
528 3117 630 3176 Macer
657 3117 842 3191 praefuerat3
870 3119 951 3174 laeto

81 3211 176 3270 milite
189 3211 226 3268 ad
240 3211 429 3270 mutationem
444 3215 569 3282 Duoum,
583 3221 613 3272 et
628 3215 759 3273 Duoibus
777 3214 816 3272 ob
832 3216 952 3273 crebras

82 3309 241 3366 seditiones
273 3313 332 3364 tam
359 3309 493 3370 intestam
521 3313 655 3371 militiam
695 3300 950 3386 adspernantibus.

28 3390 69 3454 37
83 3407 210 3465 Invenio
230 3405 305 3480 apud
325 3409 461 3494 quosdam
476 3417 619 3474 auctores,
642 3417 770 3485 ‘pavore
791 3411 874 3480 belli,
898 3429 950 3471 seu
1042 3453 1043 3492 q
