2090 3838
123 169 193 240 178
408 191 661 240 ursroaraavn
840 194 871 242 a.
886 191 919 240 v.
935 191 988 242 aas.

14 339 15 368 r
119 349 208 405 verba
235 345 360 406 Othonis
374 347 522 413 obstricta,
541 345 591 403 din
618 342 733 404 mansit.
754 349 896 421 nusquam
917 345 990 402 tides

118 453 170 504 ant
183 463 280 516 amur3
302 455 380 504 metu
394 464 429 504 ae
443 447 618 504 necessitate
636 447 693 503 bna
708 447 777 503 illue
792 448 988 502 mutabantur.
1030 459 1031 490 t

121 545 233 604 Eadem
248 547 369 604 formido
393 546 574 618 provinciam
597 546 819 602 Narbonensem
840 545 877 602 ad
891 543 990 602 Vitel-
1030 563 1031 600 t

121 647 192 704 lium
207 631 303 713 vertit,
322 644 403 702 facili
419 645 539 702 transitu
553 645 588 701 ad
605 645 750 718 proximos
774 651 804 700 et
820 644 988 700 validiores·
1030 603 1031 702 i

121 744 312 820 Longinqnae
340 743 520 818 provinciae,
551 749 581 800 et
600 743 736 818 quidquid
758 759 901 800 armorum
917 740 989 798 mari

119 843 272 911 dirimitur,
293 861 381 916 penes
402 843 548 900 Othonem
574 844 750 900 manebant:
782 859 841 898 nou
862 839 987 914 partium
1030 839 1031 900 T

120 942 232 1011 studi03
253 943 378 998 sederat
400 943 508 1014 grande
522 949 699 998 momentum
722 939 754 996 in
778 939 898 998 nomine
912 938 988 996 urbis
1030 927 1031 1000 ἶ

120 1056 156 1098 se
172 1045 323 1113 praetextu
348 1039 492 1096 Senatus:
513 1044 543 1096 et
556 1043 753 1112 occupaverat
775 1039 889 1098 animos
913 1037 988 1112 prior

120 1137 243 1196 auditus.
285 1137 434 1195 ludoicum
457 1135 618 1195 exereitum
633 1137 840 1210 Vespasianus.
882 1137 986 1212 Syriae
1030 1209 1031 1214 η

121 1237 251 1311 legiones
267 1236 420 1294 Mucianus
434 1242 617 1294 sacramento
630 1238 754 1295 Othonis
767 1237 901 1312 adegere.
942 1235 985 1294 Si·
1030 1255 1031 1330 ,

121 1337 179 1393 mul
204 1337 367 1412 Aegyptus,
388 1353 548 1412 omnesque
577 1353 679 1394 versae
706 1337 736 1394 in
751 1337 905 1394 Orientem
926 1351 985 1410 pro
1030 1357 1031 1408 1

122 1435 249 1504 vineias,
264 1435 456 1494 nomineeius
470 1437 651 1493 tenebantur.
693 1437 776 1494 ldem
803 1435 924 1494 Africae
937 1431 987 1492 ub·
1030 1423 1031 1454 ¹

122 1535 262 1610 sequium
282 1535 370 1593 initio
386 1552 403 1592 a
427 1535 691 1610 Cartbagineorto.
732 1537 836 1612 Neque
865 1553 1031 1608 exspec-

115 1640 182 1706 tata
206 1634 345 1707 Vipstani
378 1634 550 1708 Aproniani,
579 1635 773 1702 Procuranda,
803 1635 985 1703 anctoritate,

79 1693 118 1787 i
122 1733 277 1798 Crescens,
299 1733 424 1791 Nemnis
454 1733 572 1790 libertus
595 1731 677 1808 (nam
701 1737 731 1791 et
755 1734 786 1790 bi
807 1734 893 1791 malis
918 1741 986 1792 tenr-

47 1832 239 1906 poribus
282 1839 392 1906 partem
424 1849 456 1888 se
489 1830 680 1903 Reipubliaae
713 1829 836 1906 iaciunt)
869 1837 986 1905 epulum
1030 1827 1031 1844 ¹

122 1930 210 2005 plebi,
230 1931 268 1988 ob
301 1930 443 1988 laetitiam
475 1930 601 1987 senentis
626 1931 752 2004 Imperii,
782 1931 936 1998 obtulerat,
957 1935 985 1988 et

122 2031 243 2102 paruulus
270 2031 404 2104 pleraque
431 2028 495 2086 sine
522 2029 607 2086 modo
633 2029 792 2086 festinavit.
834 2031 1031 2105 Carthagi

71 2131 111 2194 77
122 2144 189 2186 aem
203 2133 319 2186 ceterae
332 2127 469 2185 civitates
483 2129 703 2186 montensis
717 2128 863 2186 distractis
873 2130 985 2188 exerei-

123 2226 200 2285 tibua
218 2245 254 2284 ao
265 2225 432 2300 provinciis,
453 2223 579 2283 Vitellio
597 2228 713 2302 qnirlem
727 2229 763 2284 ad
776 2229 986 2300 capessendam
1030 2231 1031 2308 ζ

122 2325 309 2400 Principatus
333 2326 475 2384 fortunam
503 2327 665 2398 belloupus
679 2332 750 2382 erat.
792 2327 880 2390 Otho,
903 2333 935 2384 ut
956 2328 986 2385 iu
1030 2369 1031 2432 l

122 2431 305 2501 urultapaee,
325 2425 423 2485 munia
438 2425 555 2498 lruperii
575 2427 694 2482 obibat:
714 2427 854 2500 quaedam
875 2445 914 2484 ex
930 2427 988 2502 dig·
1030 2453 1031 2476 t

124 2527 219 2585 nitate
244 2522 446 2600 Reipublicae,
460 2527 595 2599 pleraque
621 2532 721 2581 eontra
736 2527 825 2582 deone
849 2545 888 2584 ex
907 2543 985 2600 prae·

122 2625 263 2682 sentiusn
288 2626 476 2698 pmperando.
517 2623 626 2680 Consul
654 2641 721 2680 oum
750 2623 875 2681 'l'itiano
898 2625 985 2682 fratre
1030 2647 1031 2716 q

121 2723 151 2798 in
168 2725 291 2780 Kalend.
314 2723 434 2780 Martias
459 2723 540 2795 ipses
562 2724 709 2796 proximos
739 2738 856 2780 menses
882 2725 986 2799 Vergi·
1030 2751 1031 2812 q

15 2881 16 2884 ,
122 2822 328 2890 modestiaet,
348 2828 378 2878 nt
392 2823 508 2896 aliquod
523 2821 666 2879 exercitui
688 2821 867 2880 Germanico
881 2823 984 2880 delini·
1030 2817 1031 2832 ¹

122 2927 261 2980 mentum.
318 2920 448 2995 iungitur
475 2919 618 2994 Verginio
650 2921 802 2994 Poppaeus
828 2919 986 2996 Vopiscus,

122 3023 275 3095 praetextu
291 3020 399 3076 veteris
415 3017 580 3090 amicitiae3
601 3019 739 3094 plerique,
766 3019 983 3077 Viennensium

122 3119 224 3176 honori
248 3121 356 3185 datum,
383 3118 653 3190 interpretabuntur.
694 3118 795 3176 Ceteri
808 3117 984 3176 consulatus
1030 3155 1031 3208 q

122 3235 160 3276 ex
174 3217 370 3274 destinatione
385 3215 511 3272 Neronis
538 3219 589 3274 aut
614 3217 727 3274 Galbae
749 3227 892 3284 mansere,
913 3217 985 3275 tiae-
1030 3213 1031 3288 l

121 3315 162 3374 lio
185 3331 220 3372 ao
234 3313 342 3372 Flavio
357 3308 473 3369 Sabinis
498 3313 529 3370 iu
554 3314 654 3382 Iulias,
676 3315 762 3372 Arrio
788 3316 944 3374 Antonino
954 3319 983 3372 et
1030 3297 1031 3358 Ῠ

123 3412 219 3474 Mario
232 3410 365 3472 (labain
380 3410 581 3486 Septembres:
601 3429 721 3489 mum
741 3413 847 3474 bonori
880 3428 920 3477 aa
932 3413 985 3476 Vi·
