2158 3820
76 155 124 224 lb'
419 176 605 232 nunnnrrn
733 145 737 152 ’
796 186 827 232 Λ.
842 183 872 231 ν.
891 185 950 232 ors.

4 351 5 366 ¹
73 329 176 388 Patres
190 333 290 400 relatu,
304 332 443 406 prohibiti
458 335 573 408 publice
593 335 625 393 in
646 336 749 394 decem
763 353 855 394 annos
868 335 956 394 eins-'

73 431 151 488 modi
165 438 250 489 coetu
271 433 452 506 Pompeiani,
478 434 669 510 collegiaque,
692 453 766 512 quoe
786 442 888 492 contra
902 437 949 492 le·

71 549 123 604 ges
156 531 351 598 instituerant,
372 533 530 591 dissoluta:
564 535 729 603 Livineius,
757 541 787 592 et
814 536 864 610 qui
889 537 949 593 alii

23 611 244 688 ¹8seditionem
264 633 464 700 conciverant,
488 633 595 692 exsilio
619 635 733 692 multati
757 641 833 692 suut.
875 635 946 692 Mo·

70 736 115 788 tus
132 732 243 788 Senatu
257 737 286 787 et
302 731 408 788 Pedius
423 733 555 800 Blaesus,
569 733 773 791 accusantibus
789 735 946 808 Cyrenen:

71 829 160 896 sibus,
174 836 182 862 ‘
195 830 336 887 violatum
358 833 395 887 nb
409 849 445 888 eo
459 833 623 889 thesaurum
651 834 831 906 Aesculapii,
844 835 946 891 delec-

71 934 207 1004 ‘lumque
228 929 381 986 militarem
405 931 497 1003 prelio
521 937 550 987 et
575 933 733 988 ambitione
756 931 947 1006 corruptum.’
997 927 1013 948 ⁶

71 1027 164 1090 Iidem
176 1028 361 1101 Cyrenenses
377 1047 455 1086 reum
468 1032 593 1105 agebant
610 1031 740 1088 Acilium
756 1031 942 1098 Strabonem,

71 1127 218 1183 Praetoria
233 1132 376 1200 potestate
390 1146 482 1195 usum,
497 1134 526 1186 et
541 1130 659 1186 missum
683 1131 906 1203 disceptatorem
922 1146 943 1186 a
1038 1187 1055 1205 ⁸

71 1225 194 1282 Claudio
206 1241 346 1300 agrorum,
358 1243 428 1300 quos
443 1227 518 1301 Regi
533 1228 643 1302 Apioni
657 1230 800 1303 quondam
815 1227 943 1295 habitos,

70 1329 99 1384 et
115 1325 187 1396 Pop.
212 1325 296 1382 Rom.
318 1343 384 1382 cum
400 1327 503 1400 Regno
518 1327 644 1394 relictos,
659 1328 806 1402 proximus
820 1326 943 1401 quisquo

70 1439 217 1495 possessor
229 1423 409 1492 invaserant,
433 1405 602 1500 diutinaque
626 1426 748 1483 licentia
771 1431 800 1482 et
824 1425 945 1494 iniuria,

69 1503 234 1594 quasi'inre
259 1529 290 1582 et
316 1541 409 1598 nequo
430 1524 606 1582 nitebantur.
649 1525 741 1600 Igitur
765 1523 942 1582 abiudicatis

69 1621 154 1696 agris,
179 1625 403 1680 orla'adversus
430 1623 557 1682 iudicem
584 1624 713 1682 invidia:
747 1629 776 1680 et
804 1625 942 1690 Senatus,

69 1721 188 1796 ‘ignota
208 1721 264 1778 sibi
289 1740 352 1778 esse
373 1724 510 1780 mundata
534 1724 706 1790 clauditur
729 1723 943 1780 consulendum

69 1818 275 1894 ‘Principem’
290 1821 446 1892 respondit.
480 1823 561 1878 Nero
576 1825 694 1896 probatu
710 1821 860 1880 Strabonis
875 1837 941 1878 seu-

69 1918 171 1986 tentia,
186 1925 237 1974 ‘se
252 1918 440 1976 nibilominus
461 1921 616 1978 subvenire
637 1921 734 1987 sociis,
749 1926 779 1976 et
803 1924 940 1992 usurpata

20 2021 56 2078 19
68 2023 75 2050 ‘
87 2015 267 2083 concedere?
282 2017 406 2090 scripsit.
450 2019 614 2095 Sequuntur
630 2019 754 2077 virorum
775 2018 941 2077 inlustrium

67 2121 183 2184 mortes,
199 2117 324 2174 Domitii
340 2117 405 2174 Airi
419 2122 450 2173 et
472 2117 514 2174 Μ.
541 2118 671 2184 Servilii,
686 2119 734 2192 qui
755 2117 872 2174 summis
887 2117 941 2174 bo·

67 2215 184 2274 noribus
208 2222 237 2271 et
253 2219 342 2272 multa
364 2217 532 2290 eloquentia
547 2217 707 2292 viguerunt.
749 2217 805 2273 llle
828 2217 941 2273 orando

67 2333 195 2379 caussas,
219 2315 422 2372 Serviliusdin
438 2315 507 2381 loro,
529 2325 596 2372 lnox
613 2315 759 2372 tradendis
782 2317 864 2372 rebus
880 2316 939 2374 Ro·

68 2415 162 2471 manis
181 2413 315 2480 celebris,
335 2419 365 2470 el
379 2413 526 2488 elegantia
553 2413 647 2482 vitae;
670 2431 755 2488 quarn
783 2414 938 2471 clariorem

17 2499 174 2586 western,
196 2520 226 2570 ut
251 2531 302 2586 par
323 2513 451 2586 iugenio,
465 2513 507 2568 ita
527 2513 801 2576 morumdiversus.
844 2514 937 2568 Nero·

68 2617 259 2686 sequentuin,
275 2611 413 2668 Cornelio
434 2612 527 2668 Cosso
551 2630 633 2669 coss.
659 2611 872 2686 quinquennale
896 2615 938 2668 lu-

67 2711 178 2768 dicrum
192 2711 301 2766 Romae
316 2710 478 2767 institutum
493 2717 546 2776 est,
566 2712 602 2767 arl
625 2729 732 2768 morem
743 2712 851 2768 Graeci
875 2728 937 2771 cer·

69 2809 207 2867 laminis:
231 2809 311 2865 varia
329 2809 413 2876 sumn,
429 2815 458 2865 ul
483 2817 588 2867 cuncta
604 2811 692 2868 ferme
715 2829 802 2868 nova.
845 2811 935 2884 Quip-

68 2927 105 2983 pe
120 2915 211 2973 ernnt,
226 2908 274 2981 qni
296 2909 372 2964 ‘Cn
403 2926 515 2982 quoque
535 2910 705 2981 Pompeium
726 2911 889 2967 incusatum
917 2927 937 2968 a

69 3014 76 3042 ‘
91 3005 261 3064 senioribus'
284 3007 399 3074 ferrent,
425 3013 432 3039 ‘
447 3010 521 3082 quod
545 3027 707 3065 mansuram
719 3001 823 3065 theatri
837 3013 937 3072 sedem

70 3105 220 3181 posuisset.
243 3123 311 3162 narn
333 3112 420 3162 antea
434 3108 578 3164 subitariis
591 3107 725 3181 gradibus
739 3114 769 3164 et
787 3125 876 3167 scena
904 3109 937 3167 in

99 3259 216 3307 Delectant
232 3258 362 3312 mitiorem,
373 3260 422 3320 etc]
434 3259 449 3306 i.
461 3275 481 3304 e.
497 3259 519 3304 in
529 3259 617 3304 delectu
633 3261 725 3308 militari
740 3262 814 3322 inique
825 3267 937 3311 versatum

69 3334 124 3372 esse,
135 3327 156 3362 et
169 3318 306 3363 minutionem
323 3317 415 3362 militiae
429 3319 516 3363 dedisse
532 3332 573 3377 pro
590 3320 690 3377 pennula,
706 3328 746 3366 eut
764 3323 849 3379 gratiae
859 3337 937 3370 caussa

69 3379 103 3483 iq,
120 3377 271 3481 quqlaetulem
291 3376 411 3422 militarem
430 3376 546 3432 baberent,
565 3382 589 3422 et
605 3378 717 3440 stipendis
734 3381 809 3431 tacere
822 3379 941 3446 deberch

71 3451 113 3484 ec.
169 3451 205 3482 ra.
