2100 3816
99 195 213 245 acea
350 195 512 245 ara.xv1.
554 197 631 244 car.
653 180 768 246 1.-4,
889 181 956 246 101

99 351 244 422 ‘cupidine
271 349 335 406 auri
362 351 399 406 ad
428 351 537 408 bellurn
564 351 812 410 accenderentur?
867 349 989 428 igitur2

99 448 252 516 Neroneo
267 447 405 514 auctoris,
420 467 479 505 nou
493 449 583 521 ipsius
598 451 708 524 negotii
722 451 777 508 lide
792 452 861 510 satis
876 469 957 526 spec·

99 551 161 616 tata,
184 566 238 605 neo
260 547 366 615 missis,
388 565 440 619 per
463 565 532 621 quos
558 553 700 616 nosceret,
724 567 848 606 novera
868 551 956 608 adier-

98 655 195 712 rentur,
222 652 311 720 auget
338 648 413 704 ultro
440 664 590 714 rumorem,
619 648 773 722 mittitque,
800 649 849 722 qui
876 651 957 706 velut

97 751 218 817 paratam
233 746 370 818 praedam
381 746 550 802 eveherent.
592 747 707 803 Dantur
722 747 852 804 triremes
866 752 897 804 et
909 747 957 804 de·

98 844 197 900 lectum
212 843 364 917 remigium
383 844 528 900 iuvandae
541 844 730 902 festinationi.
745 861 800 902 nec
814 845 893 902 aliud
907 862 957 920 per

96 939 231 1000 illasdies
255 945 376 1016 populus
399 943 580 1010 credulitate,
602 944 756 1016 prudentes
777 943 894 1001 diversa
917 944 956 1001 la·

97 1055 147 1107 ma,
159 1043 260 1098 tulere.
305 1041 353 1098 Ac
375 1041 448 1097 sorte
461 1043 675 1115 quinquennale
690 1041 830 1100 ludicrum
854 1059 955 1100 secun·

95 1139 130 1196 do
140 1142 229 1196 lustro
242 1141 460 1198 celebrabatur:
482 1157 499 1196 a
523 1140 717 1196 narratoribus
740 1140 954 1215 oratoribusque

95 1239 242 1310 praecipua
257 1238 379 1295 materia
392 1238 423 1295 in
444 1239 559 1296 laudem
579 1237 725 1310 Principis
738 1239 889 1312 adsumpta
899 1244 953 1296 est.

94 1337 262 1396 ‘nonenim
285 1343 398 1394 tantum
420 1336 519 1394 solitas
540 1337 645 1410 fruges,
668 1354 723 1395 nec
746 1337 872 1396 metallis
885 1353 955 1396 con·

93 1433 200 1493 ‘lusum
227 1453 328 1493 nurum
346 1435 438 1510 gigni,
461 1436 511 1492 sed
540 1453 618 1494 nova
646 1439 776 1493 ubertate
800 1435 955 1508 provenire

94 1539 211 1592 ‘terram
236 1540 268 1591 et
281 1534 384 1591 obvias
398 1551 468 1606 opes
489 1534 696 1592 delerreDeoa
708 1531 725 1589 :’
745 1549 874 1606 quaeque
888 1533 955 1601 alia,

93 1651 199 1692 marma
230 1634 373 1691 tacendis
399 1651 455 1690 nec
488 1634 601 1692 minore
632 1631 810 1697 adulatione,
836 1631 956 1689 servilia

93 1732 246 1806 lingebant,
279 1732 374 1789 securi
400 1733 436 1788 de
460 1732 603 1790 facilitate
636 1729 792 1789 credentia.
842 1729 987 1795 illisce-3

92 1831 137 1888 bat
162 1831 280 1888 iuterim
309 1830 424 1887 luxuria
450 1847 502 1902 spe
529 1831 619 1898 iusni,
656 1830 954 1903 consumebanturque

93 1934 202 1986 veteres
223 1947 305 2002 opes,
327 1931 408 2003 quasi
429 1928 544 1995 oblatis,
558 1947 628 2003 quas
655 1931 759 1986 multos
787 1945 838 2002 per
861 1944 954 2002 aaaron

92 2030 259 2102 prmligeret.
302 2027 380 2099 Quin
404 2034 434 2084 et
448 2027 517 2084 inde
540 2027 598 2085 iam
619 2028 806 2102 largiebatur:
827 2031 858 2084 et
879 2027 954 2084 divi·

91 2126 190 2184 tiarum
204 2125 388 2198 exspectatio
401 2125 478 2185 inter
491 2141 607 2202 caussas
629 2125 804 2199 paupertatis
818 2125 953 2198 publicae

91 2231 156 2281 erat.
226 2226 306 2282 Nam
343 2225 461 2292 Russus,
505 2224 609 2281 effosso
646 2241 715 2298 agro
751 2241 804 2280 suo
829 2223 953 2295 latisque

90 2323 195 2381 circum
217 2323 307 2389 arvis,
334 2325 402 2381 dum
426 2324 503 2380 hunc
527 2325 576 2378 vel
600 2323 683 2380 illum
711 2324 807 2378 locum
821 2318 954 2391 promissi

90 2437 190 2494 specus
214 2423 379 2487 adseverat,
403 2426 613 2495 sequunturque
638 2437 698 2477 non
725 2419 811 2479 modo
838 2415 953 2488 milites,

89 2521 137 2576 sed
160 2523 282 2592 populos
305 2519 470 2592 agrestium,
493 2519 647 2576 efficiendo
670 2517 750 2589 operi
777 2516 953 2587 adsumptus,

89 2619 213 2684 tandem,
230 2617 323 2689 posita
338 2617 484 2684 vecordia,
498 2623 506 2649 ‘
519 2633 577 2672 uon
592 2615 664 2672 lalsa
680 2621 749 2672 ante
763 2613 878 2670 somnia
891 2629 952 2681 sua,

87 2721 193 2790 ⁸seque
217 2714 423 2788 tuneprimnm
437 2711 566 2781 elusum,’
586 2713 741 2778 admirans,
762 2713 898 2785 pudorem
922 2715 953 2769 et

87 2821 193 2872 metum
220 2819 311 2871 morte
345 2813 508 2872 voluntaria
533 2809 640 2886 effugit.
703 2810 952 2882 Quidam,‘vinc-·

86 2915 165 2968 ‘lum
179 2928 216 2968 ac
231 2928 299 2967 mox
321 2908 488 2976 dimissum?
507 2909 660 2976 tradidere,
675 2909 836 2980 ‘ademptis
858 2907 950 2974 bonis,

87 3009 135 3065 ‘in
164 3012 261 3066 locum
290 3009 401 3084 Regiae
428 3005 536 3082 gazae?
589 3007 704 3066 luteres
733 3007 867 3072 Senatus,
889 3017 981 3078 pro-4

87 3107 195 3180 pinque
209 3106 268 3163 iam
282 3107 392 3164 lustrali
406 3105 578 3171 certamine,
602 3109 633 3161 ut
646 3105 772 3161 dedecus
796 3107 950 3168 averteret,

88 3206 170 3261 offert
191 3205 362 3276 Imperatori
387 3201 530 3262 maumam
550 3209 657 3269 cantus,
675 3201 832 3274 adiicitque
845 3200 950 3276 samu-

88 3300 149 3359 diue
181 3319 320 3370 coronam,
354 3321 410 3378 qua
444 3303 555 3360 ludicra
590 3300 755 3358 deformitas
797 3299 949 3352 velaretur.

90 3403 148 3460 Sed
164 3404 252 3472 Nero,
266 3411 273 3438 ‘
287 3403 362 3461 nibil
375 3403 493 3471 ambitu,
512 3417 568 3458 nec
583 3405 725 3476 potestate
741 3397 865 3452 Senatus
879 3406 950 3464 opus

125 3517 194 3560 von.
217 3519 253 3558 ιι.
532 3491 575 3552 a*
