2100 3834
86 195 216 244 noan.
344 197 414 244 urs.
441 199 486 248 rr.
539 201 617 250 cas.
648 179 790 286 12313.
892 189 964 256 335

87 349 222 421 gentium
246 354 328 408 motu
354 351 529 426 flagraverit,
556 355 643 412 altius
668 357 835 430 expediam.
878 361 965 418 Bata·

90 449 134 514 vi,
153 449 252 505 donec
273 455 352 506 trans
382 452 515 510 Rhenum
541 456 677 527 agebant,
699 475 764 528 pars
792 459 963 518 Gallorum:

89 548 239 605 seditione
267 549 430 607 domestica
464 553 548 622 pulsi,
569 559 700 610 extrema
729 555 864 613 Gallicae
888 575 964 626 orae,

92 662 188 704 vacua
203 648 372 711 cultoribus,
392 651 534 722 simulque
556 651 690 714 insulam,
705 671 782 710 nunc
808 655 963 714 Batavlam

89 764 287 818 occupavere,
315 765 400 820 quam
432 766 510 804 mare
539 749 674 806 Oceanus
708 769 726 806 a
753 751 858 820 trente,
888 753 964 811 llbe-

87 863 143 902 nus
158 845 254 900 amnis
270 852 381 917 tergum
399 863 435 902 ac
461 849 551 902 latera
565 847 746 904 circumluit:
780 868 836 906 nec
851 852 963 923 opibus,

85 944 233 1000 societate
263 943 446 1008 validiorum,
480 945 586 1013 adtriti,
608 946 685 1002 viros
722 953 833 1005 tantum
867 968 959 1008 arma·

88 1061 145 1117 que
169 1042 298 1112 lmperio
322 1043 494 1098 ministrant.
516 1044 565 1100 diu
594 1045 779 1103 Germanicis
805 1050 888 1105 bellis
913 1069 963 1108 ex·

87 1141 193 1199 erciti:
215 1159 284 1196 mox
299 1147 384 1196 aucta
406 1159 456 1212 per
471 1141 653 1198 Britanniam
674 1145 774 1215 gloria,
788 1149 962 1205 transmissis

44 1229 50 1240 ⁵
85 1241 160 1297 illuc
195 1239 371 1303 cohortibus,
406 1258 476 1312 quas
511 1247 609 1296 vetere
630 1243 762 1300 instituto
790 1247 961 1306 nobilissimi

87 1339 272 1412 popularium
289 1339 435 1411 regebant.
478 1337 548 1394 Erat
562 1345 591 1394 et
610 1339 688 1396 domi
710 1343 840 1402 delectus
864 1365 961 1420 eques,
977 1350 1014 1408 13

86 1437 250 1512 praecipuo
280 1439 368 1494 nandi
403 1437 506 1502 studio,
538 1455 616 1494 arma
645 1457 789 1513 equosque
823 1445 961 1512 retinens,

86 1537 212 1610 integris
240 1537 340 1592 turmis
374 1537 510 1593 Rhenum
532 1555 723 1609 perrumpere.
765 1539 855 1596 Iulius
878 1542 961 1599 Paul·

86 1636 133 1694 lus
155 1647 185 1692 et
208 1637 348 1693 Claudius
380 1635 498 1699 Civilis,
534 1637 627 1708 Regia
661 1639 760 1708 stirpe,
794 1641 885 1695 multo
914 1657 961 1698 ce·

86 1739 167 1792 leros
197 1735 357 1791 anteibant.
401 1735 532 1791 Paullum
567 1737 708 1792 Fonteius
740 1735 855 1809 Capito,
889 1737 961 1796 lalso

85 1833 257 1892 rebellionis
290 1834 422 1900 crimine,
450 1835 605 1890 interiecit.
648 1834 779 1892 lnieetae
801 1836 893 1894 Civili
913 1854 961 1896 cu·

85 1938 187 1998 lenae,
209 1937 366 2006 missusque
382 1935 417 1988 ad
441 1933 587 1988 Neronem
603 1938 663 1989 eta
685 1933 781 1991 Galba
804 1917 958 2005 absolutus,

83 2037 140 2091 sub
169 2033 292 2088 Vitellio
320 2049 412 2088 rursus
436 2031 591 2087 discrimen
611 2031 695 2098 adiit,
717 2033 864 2106 flagitante
895 2053 959 2114 sup·

85 2123 210 2206 plinium
230 2133 292 2186 eius
317 2132 457 2186 exercitu.
501 2132 574 2186 lnde
607 2147 727 2186 caussae
747 2131 860 2186 irarum,
881 2149 958 2201 spes·

84 2249 144 2306 que
179 2249 216 2286 ex
252 2229 336 2286 malis
371 2229 483 2285 nostris.
527 2229 585 2283 Sed
621 2227 737 2293 Civilis,
769 2231 842 2284 ultra
873 2245 958 2300 quam

83 2329 215 2387 barbaris
249 2329 375 2392 solitum,
396 2327 647 2399 ingeniosorum,
675 2331 705 2381 et
735 2323 888 2380 Sertorium
918 2343 957 2395 sc,

83 2436 134 2486 aut
156 2423 346 2482 Hannibalem
373 2425 476 2491 terens,
496 2425 583 2480 simili
610 2423 667 2479 oris
688 2425 958 2489 dehonestamento,

83 2547 123 2586 ne
146 2534 176 2584 ut
199 2526 274 2582 hosti
303 2526 421 2580 obviarn
451 2526 547 2588 iretur,
578 2524 602 2579 si
633 2541 651 2578 a
684 2521 795 2594 Populo
825 2523 957 2578 Romano

84 2629 185 2702 palam
205 2623 388 2690 descivisset,
409 2621 586 2695 Vespasiani
600 2621 760 2678 amicitiam
774 2620 954 2695 studiumque

113 2779 220 2828 Societnte
238 2777 374 2824 solidiorum
390 2777 470 2836 attriti]
502 2774 617 2822 Sententia
636 2779 677 2820 est.
698 2789 831 2836 quamquam
848 2775 956 2824 Romanis

84 2841 138 2888 sosii
149 2846 171 2883 et
183 2837 291 2883 foederati
312 2837 397 2888 Batavi,
417 2849 473 2895 qnae
489 2835 581 2880 societas
597 2835 654 2938 a'pud
673 2835 812 2894 potentiores
827 2836 956 2898 plenamque

84 2901 108 2946 in
118 2898 249 2944 servitutem
260 2896 348 2947 tnmsit,
363 2903 438 2940 tamen
454 2907 497 2940 non
513 2894 544 2938 ita
559 2894 591 2939 eis
613 2903 694 2940 actum.
711 2895 838 2941 libertatem
848 2901 954 2944 tenuere:

84 2973 128 3006 nec
138 2957 224 3002 tributa
235 2957 261 3001 iis
272 2954 384 3014 imposita,
395 2961 433 2998 aut
444 2953 529 2998 servitii
540 2952 598 2997 alias
608 2961 682 3000 notae.

116 3037 184 3082 Viros
194 3039 283 3080 mutum
292 3032 405 3092 nmque]
437 3031 489 3078 Vid.
504 3031 587 3077 Natam
598 3031 751 3078 Broterisnam
766 3031 789 3078 in
806 3037 863 3080 branc
873 3033 955 3090 locum,
1045 3047 1046 3084 l

85 3097 115 3143 de
125 3094 219 3156 picturis
229 3093 322 3140 Othonis
334 3091 432 3148 Vnsnii5
448 3090 568 3150 longiorem
579 3097 603 3136 ut
613 3089 649 3137 hic
659 3092 822 3138 transferamus.
1045 3091 1046 3098 ’

84 3171 333 3282 Χῖἱννῗνίωππίαηι]
365 3171 418 3217 vid.
440 3169 499 3216 Hist.
522 3169 552 3226 ll,
572 3173 608 3217 27.
630 3174 653 3216 el
673 3171 722 3218 vit.
745 3169 819 3228 Agric.
836 3169 916 3215 xvtlt
931 3171 956 3212 et

114 3311 191 3358 Simili
201 3309 448 3370 ortrdsboncrtmncntn]
479 3309 535 3354 Cum
551 3309 613 3359 item,
629 3312 654 3353 nt
670 3305 791 3358 Hannibal,
807 3304 880 3348 altero
889 3301 954 3370 ecula

83 3377 160 3440 captus
171 3375 235 3415 asset,
270 3369 317 3414 liv.
336 3369 413 3424 llllll,
427 3369 465 3414 2.·
481 3368 541 3414 Em.
573 3368 663 3414 Conler.
673 3371 698 3410 et
708 3366 768 3411 Plut.
780 3363 803 3408 in
813 3364 915 3406 Sertorio
924 3361 954 3405 ab

86 3432 160 3482 lartio.
170 3435 195 3476 et
205 3443 271 3490 ruprs
281 3431 308 3476 a.
322 3427 352 3485 11,
361 3429 384 3472 a.
