2100 3816
98 167 167 232 112
418 187 602 236 auurnrvu
816 193 847 238 r.
864 190 895 238 v.
911 193 962 240 aaa.

41 332 229 396 atlanteum
249 339 388 412 pericula.
430 342 603 416 Ambigenti
623 341 746 408 Neroni,
757 359 884 416 quonam
906 361 963 400 mo-
1031 339 1032 346 ’

92 436 131 492 do
146 437 274 495 noctium
289 457 404 496 suerum
424 440 542 514 ingenia
566 445 759 509 notescerent,
778 441 898 498 otl'ertnr
919 442 963 499 Si-

93 537 143 600 lia,
165 537 349 595 matrimonio
379 539 530 596 Senatorio
559 539 634 595 haud
661 539 772 612 ignota,
797 545 828 595 et
849 539 906 612 ipsi
925 540 963 595 ad
1032 571 1033 626 ἶ

92 653 211 692 omnem
233 637 384 694 libidinem
404 637 524 702 adscita,
538 654 573 694 ac
596 635 733 694 Petronio
759 643 897 711 perquam
907 637 962 694 ta·
1032 633 1033 636 ’

95 735 225 792 miliaria.
247 735 341 810 agitur
360 735 391 793 in
411 736 557 802 exsilium,
577 741 723 810 tamquam
744 753 801 792 non
824 737 962 803 siluisset,

92 851 166 907 quae
200 835 313 892 viderat
357 838 578 908 pertuleratque.
620 834 736 907 proprio
775 835 855 891 odio.
920 837 962 893 rt

99 933 262 992 illinucium
294 934 465 1001 Thermum,
499 935 637 998 Praetura
656 933 795 999 iunctum,
817 933 962 1008 Tigellini
1033 941 1034 946 ’

92 1031 285 1089 simultatibus
307 1034 428 1098 dedidit,
449 1033 514 1107 quia
536 1035 654 1090 libertus
675 1033 799 1089 Thermi
818 1035 961 1107 quaedam

92 1132 129 1187 de
151 1131 304 1204 Tigellino
324 1133 479 1190 criminose
499 1134 652 1197 detulerat,
681 1149 754 1206 quae
784 1133 962 1190 eruciatibus

94 1235 301 1287 tormentorum
335 1231 407 1304 ipse,
442 1237 578 1304 patronus
612 1231 674 1288 eius
716 1247 791 1288 nece
825 1231 963 1289 inmerito

93 1331 196 1385 lueret.

41 1433 78 1490 21
133 1426 303 1484 Trucidatis
337 1431 380 1485 tot
412 1427 574 1502 insignibus
607 1428 689 1496 viris,
722 1429 759 1485 ad
780 1434 960 1502 postremum

94 1527 175 1584 Nero
200 1526 337 1584 virtutem
358 1527 450 1599 ipsam
481 1527 654 1584 exscindere
678 1526 860 1599 concupivit,
875 1529 961 1585 inter·
1035 1567 1036 1602 ,

93 1626 171 1683 lecto
185 1627 319 1685 Thrasea
334 1624 426 1684 Paeto
440 1631 470 1682 et
484 1628 579 1683 Barea
596 1627 718 1692 Somno,
739 1626 811 1683 olim
834 1627 962 1701 utrisque

93 1724 232 1791 intensus,
245 1731 275 1781 et
289 1724 495 1782 accedentibus
509 1725 619 1782 caussis
633 1726 663 1782 in
680 1726 866 1783 Thraseam:
888 1727 962 1801 quod

95 1824 204 1879 Senatu
225 1841 354 1896 egressus
369 1829 422 1890 est,
443 1841 509 1880 oum
523 1825 561 1880 de
574 1824 738 1898 Agrippina
758 1824 918 1892 referretur,
931 1828 963 1881 ut

94 1921 269 1977 memoravi:
290 1923 422 1995 quodque
443 1922 623 1980 iuvenalium
649 1921 760 1979 ludium
783 1939 884 1995 parum
911 1939 963 1979 ex·
1036 1894 1037 1916 Χ

93 2018 244 2092 patibilem
268 2035 384 2093 operam
399 2015 589 2093 praebuerat:
609 2037 701 2095 eaque
728 2019 850 2078 offensio
877 2020 963 2078 altius

94 2119 273 2191 penetrabat,
287 2117 353 2192 quia
371 2118 449 2176 idern
474 2119 609 2176 Thrasea
634 2117 761 2186 Patavii,
785 2119 864 2176 unde
883 2125 963 2176 ortus

94 2222 165 2285 erat,
189 2216 263 2274 ludis
287 2203 446 2284 carticina
469 2215 602 2274 Troiano
630 2219 784 2276 Antenore
811 2216 964 2284 institutis,

126 2393 239 2442 Virtutem
247 2394 317 2451 ipram
326 2392 452 2453 eamme]
485 2391 570 2448 brevis,
580 2392 619 2440 sed
629 2391 724 2440 maxima
734 2391 797 2440 laus-l

126 2474 223 2521 rarum
240 2473 317 2533 Paeto]
348 2473 416 2518 Cuius
432 2471 515 2530 gentile
533 2485 612 2518 nomen
628 2471 701 2517 adhue
717 2485 806 2532 quaero.
839 2470 900 2517 Naar
922 2470 965 2518 Dio

94 2537 130 2588 til,
148 2537 181 2580 15.
214 2533 238 2579 Ρ,
256 2533 380 2577 Thraseam
405 2531 499 2577 Paetum
522 2530 602 2576 saltent
624 2531 730 2590 appellat.
774 2529 881 2576 Marmor
902 2537 964 2576 vetus

80 2593 173 2640 'euadat
189 2590 304 2638 Valerium
319 2589 392 2636 luisse.
408 2605 428 2636 c.
446 2603 556 2636 nourrro.
575 2603 677 2636 nurse.
697 2605 724 2635 u.
743 2604 763 2634 ι.
781 2603 891 2634 vennam.
910 2603 964 2634 aras·

95 2665 173 2696 saura.
195 2651 302 2694 ruitur.
325 2663 408 2694 raiaco.
429 2663 477 2694 cos.
519 2649 584 2698 Quod
605 2647 647 2693 etsi
666 2647 696 2692 de
713 2647 766 2703 alio,
787 2661 813 2693 rx
832 2647 964 2704 cognomine

93 2713 168 2756 tamen
178 2707 312 2776 arrrpieemur
320 2707 350 2752 de
363 2714 436 2764 gente.
468 2707 579 2753 'l'lrraseas
595 2707 630 2752 hie
643 2707 766 2754 admirator
775 2705 850 2753 unitus
861 2705 963 2763 Catonis,

93 2768 122 2814 de
132 2767 192 2812 errius
202 2774 249 2810 arta
268 2765 349 2810 librum
359 2767 453 2828 scripsit,
469 2765 580 2812 indicante
589 2765 717 2812 Plutarcho.
748 2766 837 2812 laudes
847 2764 894 2809 eius
904 2779 964 2826 spar-

94 2841 132 2870 sae
148 2825 170 2870 in
186 2824 275 2878 Tacito,
294 2823 395 2879 Arriano,
414 2825 497 2872 Dione:
520 2825 558 2870 sed
575 2829 628 2870 ante
642 2823 688 2869 alia
700 2825 812 2882 egregium
828 2823 926 2878 elogium
936 2823 965 2868 de

93 2885 133 2932 illo
151 2883 217 2944 ipsius
238 2883 341 2939 Neronia,
357 2885 380 2930 ia
398 2883 512 2932 Plutarchi
531 2883 610 2930 libello
625 2891 743 2938 narremur
758 2899 964 2954 aagendam.

93 2954 128 2997 33.
149 2964 170 3009 p·
191 2951 240 2996 81⁰·
282 2948 328 2998 Ait.
349 2960 418 3020 Nagara
434 2967 508 3015 carnos
528 2951 652 3020 ομπςοσθιν
667 2970 679 3000 r
694 2968 786 3012 arura,
808 2968 845 2998 nrr
863 2957 965 3017 &gaasar

92 3034 199 3082 μαλιστα
220 3035 293 3081 μισῶν
313 3033 351 3068 aar
372 3017 503 3079 οοβουμινοε,
527 3015 590 3079 ὅμως,
614 3031 752 3081 syanaovmr
773 3033 837 3069 arros.
855 3012 967 3068 &mm

92 3103 212 3153 κυιςιμιγου
234 3102 272 3134 aar
293 3087 378 3135 adram·
411 3085 543 3145 Ἐβουλομιιν
559 3101 592 3140 ar,
608 3099 650 3140 aar,
673 3090 772 3150 egam
796 3082 865 3133 daur
879 3099 918 3142 ιμι
933 3097 965 3138 rs·

93 3168 140 3208 aun
163 3148 187 3204 ἃς
209 3155 311 3204 draconar
333 3165 423 3217 ogmar
445 3166 512 3197 sarrr-
553 3147 628 3204 Salve,
652 3161 667 3195 o
691 3148 760 3201 salve,
781 3146 815 3192 vir
833 3159 922 3202 magne,
940 3151 964 3191 et

93 3217 151 3262 inter
167 3217 279 3262 Romanos
296 3215 407 3275 sapientes
423 3222 521 3257 sanctum
538 3213 592 3258 mihi
611 3227 697 3260 nomen.
730 3211 880 3269 Tumagnum
897 3211 963 3256 denar

93 3276 194 3322 Gallicae
203 3274 285 3334 gentis:
305 3279 329 3319 tu
344 3277 497 3317 ornamentum
515 3273 631 3318 Romanae
645 3273 734 3318 euriae:
756 3277 780 3316 tu
795 3285 887 3317 aureum
905 3269 964 3316 sidus

92 3334 203 3382 tenebrosi
219 3333 278 3379 illius
293 3331 350 3377 aevi.
382 3329 433 3375 'l'ua
448 3329 505 3375 inter
521 3329 629 3386 homines,
646 3345 690 3376 non
708 3328 809 3386 hominis,
826 3329 888 3374 vita:
905 3341 963 3374 nova

91 3394 200 3510 wirae,
215 3387 346 3448 constantia,
363 3387 474 3447 gravitas:
496 3392 522 3434 et
537 3389 600 3435 vitae
616 3389 738 3472 mortisque
752 3387 875 3452 aequabilis
890 3393 963 3434 tenor.
