2090 3838
72 177 189 226 nero.
271 175 343 224 urs.
370 176 407 223 rr.
457 157 646 224 crunon.
676 154 755 224 101.
855 155 928 226 ²59
1030 159 1031 252 J

67 335 129 398 test,
141 329 305 388 traxeritne
318 327 490 395 Gneniusnn
500 347 538 388 sn
551 326 641 408 (quod
655 329 756 388 evenit
778 329 853 388 iuter
873 345 930 389 rus·
967 363 990 401 ις

66 431 115 500 lus,
128 435 158 488 ut
172 435 204 487 et
224 429 336 488 similes
359 426 439 504 suut)
459 430 561 488 endem
582 429 648 486 ittos
671 431 800 502 prsvitss
821 430 931 504 inpute-
976 413 979 416 ¹

65 529 110 586 rit.
151 526 317 600 Scriptores
338 535 507 600 temporum,
524 528 583 602 qui,
604 526 734 601 potiente
750 544 842 586 rerum
866 528 999 610 ets-101

64 624 222 692 sindono,
250 633 436 684 monuments
461 627 530 683 betti
555 627 675 684 huiusne
699 633 930 700 composnerunt,

62 721 251 802 messanis
263 731 290 782 et
302 741 423 782 mnu
444 723 622 802 munnere
638 733 793 798 enuruptss
819 725 850 784 in
864 726 931 784 sdu·

62 825 201 883 lstiouem
214 840 343 890 musas,
362 825 515 894 tradidere.
539 825 641 890 Nobis,
655 841 742 897 super
760 823 878 882 iusitssu
893 827 931 882 ts·

64 925 195 992 vitutem,
224 929 264 992 et,
291 923 407 997 prodito
429 923 536 989 Galba,
552 923 641 982 vitem
669 939 736 980 suus
762 922 858 989 finem,
886 941 932 982 se·

63 1023 221 1080 uutstioue
242 1021 332 1080 etism
359 1022 538 1095 invidiaque,
561 1039 598 1078 ue
618 1021 656 1078 sb
682 1021 748 1078 stiis
775 1023 850 1094 spurt
880 1021 932 1079 Vi·

64 1122 172 1178 tettiuru
193 1121 365 1186 nutriretur,
386 1120 560 1192 pervertisse
584 1120 678 1192 ipsum
694 1119 816 1178 videtur.
858 1121 932 1179 One·

64 1220 136 1288 siun,
165 1218 299 1293 tegioues
326 1219 491 1283 adsecutus,
515 1218 725 1276 centurionum
744 1203 931 1294 'miniumque

65 1318 181 1385 animos,
209 1317 372 1374 obstinatos
401 1334 451 1390 pro
471 1317 605 1382 Vitettio,
624 1315 711 1372 vsriis
731 1319 839 1374 ortibus
867 1320 932 1376 sub-

66 1419 178 1475 meust:
204 1418 298 1474 Basso
311 1417 416 1473 endem
429 1416 561 1473 molienti
575 1415 668 1473 minor
687 1415 842 1472 diffiouttos
860 1421 931 1485 eret,

66 1517 169 1575 lubrice
198 1517 235 1573 ad
266 1516 435 1573 mutandam
464 1517 550 1572 tidem
576 1517 681 1583 otssss,
705 1515 744 1570 ob
764 1512 931 1572 memorism

65 1617 184 1676 recentis
199 1633 254 1692 pro
268 1615 390 1674 Othone
404 1613 535 1672 militine.

722 1739 870 1834 &Ui
