2100 3816
99 175 170 242 tto
325 161 329 168 ’
392 187 645 238 nrsronnrnvar
809 191 841 238 a.
855 187 886 236 v.
902 191 950 238 nn

90 351 163 403 ‘aaa
195 340 361 409 inmaniter,
393 359 445 398 ana
478 342 602 408 luxuria,
634 341 801 398 eervieibua
831 341 956 414 publieir

92 443 267 515 ‘depulerat
298 459 391 514 neque
424 449 485 496 eret
519 441 612 496 adhue
641 441 771 496 damnati
809 439 956 511 Principia

91 542 287 613 ‘exemplum
329 539 392 596 Noe
419 541 497 594 bello
529 545 559 594 et
592 541 629 594 ab
663 539 883 594 aestimantibus
907 538 955 594 atl-

91 641 189 708 ‘eniti
211 657 278 698 eum
305 639 427 704 invidia,
453 637 585 711 quamvis
611 636 731 710 egregii,
751 636 866 694 erimoa
907 640 957 696 Ne
1033 663 1034 722 q

92 743 210 797 ‘lamen
225 739 338 796 territur
361 736 457 802 meria,
471 736 496 792 ri
509 737 583 792 duae
603 736 733 808 legionen
753 736 784 792 in
809 738 865 794 lion
887 755 956 797 oon·

92 837 185 895 ‘euni
205 837 283 894 orlria
303 841 381 893 motu
402 836 529 892 nondum
548 835 709 909 quiereunt.
751 836 799 892 Ne
819 837 883 907 ipre
896 837 957 911 qul·

92 937 180 993 ‘dem
193 936 229 991 ad
243 951 413 992 securae-rea
423 933 550 990 aenean:
565 939 604 997 et,
618 933 716 990 audita
727 934 895 1007 adoptione,
907 937 957 993 de·

94 1034 207 1092 ‘rinarn
218 1030 312 1090 videri
325 1049 432 1099 renen
446 1033 522 1105 quod
536 1049 613 1090 nune
627 1032 698 1089 milri
707 1049 795 1090 unum
809 1033 954 1100 obiicitur.

93 1133 219 1190 ‘Neron
247 1132 372 1205 peaoimo
384 1148 496 1205 quoque
509 1147 623 1202 aemper
635 1130 860 1188 desiderabitur:
883 1132 956 1190 milri

93 1235 148 1286 ‘ae
162 1229 216 1286 tllri
231 1229 441 1301 providendum
454 1235 507 1291 en,
521 1247 560 1286 ne
570 1229 659 1286 etiam
673 1247 691 1285 a
705 1230 788 1286 bonta
810 1213 957 1288 deridere·

94 1333 167 1385 ‘tun
222 1327 344 1386 Monere
371 1329 486 1397 diutina,
516 1345 610 1402 neque
634 1327 771 1400 temporie
795 1329 903 1397 huiua3
924 1334 958 1386 et·

94 1425 254 1498 ‘inpletum
282 1431 327 1483 eet
358 1443 445 1484 omne
471 1426 635 1494 consilium,
659 1427 683 1482 ri
712 1431 742 1482 te
767 1429 843 1484 bene
867 1428 957 1502 elegi,

94 1525 349 1598 ‘vriturimurque
368 1525 445 1580 idem
459 1541 494 1581 ae
508 1524 695 1582 brevissimus
709 1527 847 1581 bonerum
869 1528 958 1582 mala·

95 1631 237 1698 ‘namque
252 1641 344 1680 reram
370 1625 502 1680 delentur
515 1629 569 1689 eet,
583 1623 721 1695 cogitare,
742 1623 809 1696 quid
831 1630 881 1680 aut
909 1643 960 1682 vo·

94 1723 201 1780 ‘luerir
212 1723 264 1778 aub
277 1722 336 1778 alio
357 1721 503 1793 Principe,
516 1728 566 1778 aut
581 1722 715 1779 nolueris.
757 1723 863 1796 Neque
876 1723 957 1780 enim

95 1819 173 1885 ‘him
200 1823 231 1874 ut
258 1818 288 1874 in
303 1819 409 1876 eeteria
429 1819 572 1892 gentibue,
596 1837 669 1894 quae
691 1827 856 1893 regnantur,
875 1827 958 1880 eerta

96 1915 292 1972 ‘dominorum
319 1917 430 1982 domur,
443 1923 474 1973 et
487 1917 580 1974 neteri
606 1919 704 1974 servi:
723 1920 774 1976 aed
803 1919 959 1990 imperatu·
1034 1939 1035 2002 J

23 2063 37 2084 .,
95 2020 161 2071 ‘rua
185 2031 216 2071 ee
241 2013 413 2076 hominibus,
437 2015 486 2087 qui
514 2031 569 2072 nee
594 2021 684 2072 totam
697 2018 870 2074 servitutem
897 2020 958 2091 pati

95 2119 103 2146 ⁸
118 2117 245 2187 ponunt,
263 2127 318 2169 nee
333 2117 423 2168 totam
437 2096 653 2176 ,ztilrertatern'b
668 2114 708 2170 Et
720 2115 818 2172 Galba
840 2115 959 2189 quidem

62 2282 67 2294 ι
94 2212 168 2270 haee
192 2227 228 2269 ae
250 2211 330 2276 talia,
351 2217 496 2283 tamquam
518 2210 685 2285 Principem
708 2213 835 2282 laeeret;
857 2215 960 2283 ceteri,

45 2303 83 2366 lt
96 2317 239 2385 tamquam
256 2327 322 2367 eum
349 2309 427 2366 laeto
451 2311 651 2382 loquebantur.
691 2311 841 2376 Pisonem,
853 2314 960 2382 lerunt,

94 2411 192 2467 atatim
204 2407 393 2474 intuentibus,
406 2415 435 2464 et
451 2423 518 2464 mox
532 2408 675 2465 uenientis
699 2410 731 2466 in
745 2425 812 2468 enm
826 2414 960 2471 omnium

94 2508 196 2573 oeulie,
211 2509 320 2564 nullum
335 2505 440 2562 turbati
460 2512 509 2563 aut
535 2506 709 2564 exsultantis
732 2507 823 2566 animi
849 2516 959 2568 motum

94 2607 263 2682 prodidisse.
326 2607 428 2662 Sermo
454 2623 522 2678 erga
557 2611 667 2679 patrem
693 2607 959 2684 imperatoremque

94 2721 242 2768 reverens,
267 2705 305 2760 de
331 2721 363 2760 ae
385 2705 567 2773 moderatum
588 2705 660 2761 nuit
682 2705 712 2762 iu
738 2707 820 2763 vultu
845 2707 960 2766 habitu·

94 2821 149 2879 que
198 2807 360 2859 mutatum:
404 2802 487 2876 quasi
527 2804 669 2874 imperare
714 2809 812 2876 posset
852 2806 958 2880 magis,

94 2911 179 2975 quam
207 2902 306 2958 vellet.
360 2900 561 2958 Consultatum
588 2903 667 2969 inde,
696 2907 770 2975 ‘pro
796 2904 894 2961 rostris
921 2923 961 2962 an

95 3000 149 3056 ‘in
179 3000 299 3064 Senatu,
330 3015 368 3055 an
400 2999 432 3056 in
463 2999 565 3055 eastris
590 3001 708 3073 adoptio
736 3008 958 3074 nuncuparetur.

51 3137 54 3142 -
95 3099 160 3157 ‘lri
194 3098 225 3156 in
258 3094 371 3164 eastra?
406 3097 541 3170 plaeuit:
572 3099 790 3156 ‘honoritieum
827 3101 858 3157 id
885 3101 961 3159 mili·

97 3198 192 3255 ‘libus
225 3196 295 3262 lore,
331 3209 449 3268 quorum
485 3194 625 3263 savorem,
662 3202 694 3254 ut
734 3197 889 3272 largitione
929 3206 961 3258 et

124 3366 179 3412 Pati
191 3365 289 3426 porrum]
320 3363 383 3434 lieet
392 3364 481 3412 Galba':
501 3367 568 3412 aliter
577 3367 667 3416 dixiaset
677 3369 787 3426 Tiberina,
797 3372 836 3433 qui
846 3372 963 3422 Romane·

95 3439 144 3472 rum
154 3423 249 3485 ingenie,
260 3423 398 3484 imperiique,
406 3423 455 3470 ,viru
463 3431 486 3471 et
493 3431 556 3472 atter
565 3425 632 3473 eltiua
641 3433 807 3486 penetraverat.
