2158 3820
127 211 195 262 uc.
211 209 250 261 ar.
367 211 442 262 ma.
470 213 528 262 xv.
576 214 652 262 oar.
679 189 848 262 25.-2b.
959 165 1015 260 db¹

127 363 271 441 integrum
294 365 436 432 mititem,
457 370 489 423 et
509 367 617 425 crebris
638 383 674 426 ac
685 367 828 442 prosperis
855 365 1002 425 laboribus

125 465 300 530 exercitum,
334 465 369 523 in
395 464 566 522 Armeniam
589 465 679 524 ducit.
722 466 900 541 Addidttqne
914 463 1004 539 tegio

129 581 193 621 nem
210 563 359 638 quintam,
384 581 468 638 quae,
492 581 544 637 per
558 563 683 621 Pontum
697 581 787 638 ageos
814 581 919 638 expers
943 565 1003 622 cta·

130 663 173 721 dis
193 664 301 728 inerat,
323 663 411 720 sinaut
427 663 706 738 quintadecimanos,
727 680 830 720 reeens
844 664 1002 721 adductos:

131 767 161 819 et
180 763 297 820 vexitta
316 763 498 819 detectorum
511 778 550 818 ex
564 760 686 836 lttyrico
711 767 742 818 et
756 763 904 835 Aegypto,
917 763 1003 836 quod·

134 863 309 936 quantarum
331 859 566 934 cohortiumque:
580 865 610 916 et
621 859 732 917 auxilia
746 859 859 934 Regum
871 859 901 916 in
916 875 1003 917 uuum

134 961 282 1018 conducta
294 959 373 1033 apud
398 957 573 1025 Melitenen,
592 975 649 1032 qna
663 957 858 1016 transmittere
874 957 1003 1030 Euphra·

134 1061 181 1115 ten
196 1059 328 1131 parabat.
372 1056 452 1114 'Pom
472 1059 621 1114 lustratum
635 1055 689 1113 rite
707 1055 869 1116 exereitum
883 1058 920 1114 ed
934 1073 1002 1115 eon·

134 1155 250 1214 cionem
280 1159 378 1221 vocat,
404 1155 569 1229 orditurque
596 1153 749 1228 magnifica
775 1156 838 1212 ‘de
864 1154 1002 1228 auspiciis

25 1309 26 1312 ,
134 1253 366 1327 ‘'imperatoriis,
381 1255 523 1327 roburque
540 1270 559 1309 a
570 1271 603 1309 se
615 1250 725 1326 gestis:
745 1254 869 1310 adversa
889 1257 897 1285 ‘
912 1253 943 1310 io
958 1253 1002 1310 in·

25 1389 26 1392 =
133 1353 272 1411 ‘scitiam
298 1349 395 1410 Paeti’
413 1351 585 1410 deotimus:
605 1353 695 1410 motta
717 1353 901 1418 auctoritate,
923 1367 1001 1427 quae

132 1451 196 1510 viro
218 1451 340 1509 militari
354 1467 406 1524 pro
433 1450 571 1508 tacendis
593 1455 665 1507 erat.
707 1449 779 1508 Mox
803 1450 868 1518 iter,
887 1449 922 1508 L.
944 1431 1054 1508 ιιι-97

132 1553 210 1608 cutto
234 1550 382 1626 quondam
409 1555 602 1622 penetratum,
625 1548 743 1620 apertis,
767 1565 841 1622 qnae
868 1554 1002 1606 vetustas

132 1651 312 1722 obrepserat,
344 1647 446 1722 pergit.
487 1647 526 1704 Et
572 1645 727 1704 venientes
761 1643 905 1702 Tiridatis
941 1645 1002 1704 Vo-

130 1750 295 1824 logesisque
334 1749 371 1804 de
410 1763 483 1820 paee
521 1749 632 1821 togatos
677 1745 753 1803 haud
801 1747 1000 1820 adspernatus,

133 1847 267 1924 adiungit
288 1846 325 1904 iia
359 1846 561 1914 Centuriones,
590 1859 656 1902 cum
694 1844 837 1902 mandatis
863 1861 922 1902 non
958 1843 1000 1902 in·

129 1947 265 2006 mitibus:
299 1953 378 2004 ‘non
403 1945 483 2002 enim
507 1945 666 2002 adbuc'eo
694 1950 824 2009 ventum,
857 1947 890 2001 ut
907 1948 1000 2002 certa·

131 2046 232 2104 ‘mine
246 2049 380 2103 extremo
400 2061 471 2118 opus
493 2049 581 2101 esset.
622 2042 716 2100 Mutta
737 2042 877 2102 Romanis
897 2059 999 2101 secun-

133 2146 178 2212 da,
200 2145 346 2220 quaedam
370 2141 644 2208 Parthis-evenisse,
657 2144 835 2200 documento
861 2143 1000 2200 adversus

132 2243 332 2318 ‘superbiam
349 2243 469 2316 proinde
483 2247 513 2300 et
528 2241 656 2300 'l'iridati
669 2244 844 2310 conducere,
856 2242 1000 2302 intectum

133 2342 369 2400 ‘vastationibus
393 2341 527 2415 Regnum
545 2341 624 2398 dono
646 2339 800 2412 accipere:
820 2347 851 2398 et
874 2339 1000 2414 Vologe-

133 2446 203 2498 ‘sen
219 2439 325 2498 matius
338 2439 480 2497 societate
496 2439 736 2513 Romana,'quam
756 2437 871 2496 damnis
885 2437 1001 2505 mutuis,

133 2539 233 2614 'genti
251 2539 421 2596 Parthorum
435 2539 641 2594 consulturum.
684 2535 775 2603 Scire,
796 2541 933 2609 quantum
956 2536 1000 2593 in·

133 2642 199 2696 ‘tus
224 2637 443 2704 discordiarum,
463 2652 604 2710 quamque
625 2634 782 2692 indomitas
806 2640 834 2692 et
858 2635 999 2710 praefero·

132 2743 201 2794 ‘ees
223 2735 359 2794 nationes
382 2740 502 2809 regeret.
553 2732 673 2800 contris,
692 2733 862 2807 Imperatori
879 2754 930 2790 sno
956 2737 998 2790 in·

122 2841 263 2893 ,tmuium
287 2833 392 2908 ubique
420 2849 532 2907 pacem,
554 2837 584 2890 et
610 2850 698 2891 unum
726 2833 755 2889 id
783 2835 892 2892 betium
914 2829 998 2890 esse?

134 2932 226 2990 Simo!
264 2931 389 2990 consitio
414 2937 551 2990 terrorem
579 2931 715 2997 adtinere,
753 2936 783 2989 et
816 2931 997 3006 Megistsnas

133 3031 302 3097 Armenios,
315 3030 365 3105 qni
388 3029 472 3103 primi
496 3029 611 3087 anobis
630 3031 805 3096 deiecerant,
827 3029 909 3104 petiit
924 3029 998 3088 sedi·

24 3173 26 3176 -
71 3183 75 3190 ,
121 3131 193 3194 boa,
214 3129 337 3186 eaetetta
356 3145 455 3186 eorum
478 3128 634 3196 exscindit,
648 3131 745 3202 piane,
767 3129 857 3196 edita,
884 3129 997 3186 validos

132 3227 338 3301 invalidosque
361 3226 424 3299 pari
450 3231 530 3284 metu
558 3230 695 3302 complet.
746 3227 815 3284 Non
842 3225 998 3292 intensum,
1007 3217 1050 3279 28

133 3379 307 3486 θξιῖινιςὶιίιιιιι]
338 3381 470 3440 Summates,
488 3381 614 3443 optimates.
647 3380 683 3432 ci.
702 3382 767 3431 sast.
785 3366 904 3430 Caino
920 3371 997 3426 tamt

171 3538 243 3580 voa.
264 3537 298 3580 ιι.
578 3517 625 3577 t*
