2100 3816
81 183 200 232 sons.
310 182 381 229 urs.
407 181 468 231 xr.
517 183 595 232 ear.
620 163 789 233 stt-51.
894 165 938 234 81
1036 227 1037 250 ,

81 342 134 396 lum
152 336 313 396 retinens:
334 353 372 394 eo
401 335 529 409 pluribus
556 338 692 409 periculis
711 339 940 400 conflictabatur.

80 437 188 494 Natalis
212 433 360 509 particeps
374 437 411 492 ad
431 451 517 492 omne
538 443 680 496 secretum
691 438 791 496 Pisoni
803 447 873 498 erat.
893 457 942 500 cs·

78 535 141 592 teris
167 553 236 606 spes
252 553 292 590 ex
306 533 393 591 novis
414 537 498 592 rebus
512 537 668 608 petebatur.
712 540 940 611 remisserunt,

79 651 157 706 super
179 634 318 690 Subrium
340 638 372 689 st
397 633 570 706 Sulpicium,
589 635 627 692 de
649 636 753 710 quibus
776 639 869 702 retuli,
891 639 942 696 mi·

77 731 171 788 lilares
196 749 310 798 manus,
331 731 458 788 Granius
487 731 624 790 Silvanus
650 739 680 790 ct
702 735 812 792 Statius
841 733 942 794 Proxi-

79 848 146 896 mus,
177 831 307 887 Tribuni
345 829 508 886 cohortium
542 831 755 903 praetoriarum,
794 833 941 892 Maximus

77 931 196 988 Scaurus
210 936 241 986 et
260 929 393 986 Venetus
409 929 748 1010 Paulluufleuluriones.
794 933 852 990 Sed
867 951 942 992 sum·

79 1046 151 1090 mum
184 1031 270 1086 robur
299 1029 331 1086 iu
366 1027 462 1086 Penio
492 1029 566 1086 liufo
598 1029 753 1090 Praefecto
780 1032 943 1100 videbatur,

77 1145 165 1202 quem,
192 1128 259 1184 vila
285 1126 418 1202 famaque
439 1128 596 1196 laudatum,
620 1147 670 1202 par
691 1130 845 1188 saevitiam
858 1132 940 1206 inpu-

78 1227 263 1302 dicitiamque
285 1227 453 1300 Tigellinus
474 1227 617 1284 inanimo
637 1227 781 1302 Principis
801 1230 942 1297 anteibat,

77 1326 269 1400 fatigabatque
304 1326 565 1393 criminationibus,
585 1343 620 1384 ac
647 1345 733 1400 saepo
767 1327 798 1385 in
832 1335 942 1386 metum

77 1427 246 1491 adduxerat,
270 1425 353 1499 quasi
372 1423 528 1482 summm
556 1425 728 1502 Agrippinae
757 1433 783 1482 el
808 1424 941 1484 clesidmo

77 1521 132 1580 siaa
157 1521 263 1580 ultioni
286 1523 429 1581 interdum.
472 1526 572 1599 lgitur‚
599 1526 648 1583 ubi
671 1523 839 1589 coniuratis,
856 1519 942 1596 prae·

76 1623 181 1680 fectum
205 1641 320 1697 quoque
341 1622 483 1680 Praetorii
510 1623 540 1682 in
567 1629 661 1696 partes
674 1621 868 1688 descendisse,
882 1638 943 1678 cre·

77 1721 125 1776 bro
150 1721 245 1793 ipsius
266 1739 399 1778 sermone
419 1721 497 1779 faeta
524 1721 614 1790 θόοις
636 1721 793 1793 promptius
819 1721 877 1776 iam
903 1720 944 1777 ds

78 1822 206 1891 tempore
221 1833 256 1874 ac
269 1821 336 1874 loco
348 1818 450 1874 caedis
462 1817 620 1890 agitabunt.
662 1819 700 1876 Et
721 1818 850 1888 ‘cepisse
861 1818 942 1890 inpe-

78 1915 163 1974 ‘bun'
185 1916 307 1974 Subrius
322 1915 444 1972 Flavius
457 1916 611 1980 ferebatur,
625 1915 672 1970 ‘in
685 1931 773 1972 sesua
786 1923 941 1974 canentem

77 2015 245 2072 ‘Neronem
274 2013 479 2087 atlgrediendi3
499 2019 549 2070 aul
567 2029 634 2070 oum
653 2015 772 2070 ardente
792 2015 877 2070 domo
892 2029 943 2086 per

79 2119 212 2172 ‘noctem
227 2115 285 2170 fruc
296 2113 366 2170 illuc
380 2118 507 2168 cursaret
520 2108 731 2168 incustoditus?
751 2111 809 2168 illc
825 2109 943 2168 occasio

79 2213 258 2281 solitudinis;
281 2213 322 2268 ibi
350 2212 412 2282 ipsa
434 2210 603 2284 frequentis,
624 2209 698 2266 tanti
717 2209 830 2266 decoris
850 2209 944 2284 testis,

81 2311 302 2386 pulcherrimum
330 2310 459 2366 animum
485 2309 763 2366 exstimulaveraut:
785 2307 840 2363 nisi
864 2306 945 2378 inpu-

80 2411 176 2468 nitatis
201 2410 310 2482 cupido
333 2407 508 2473 retinuisset,
526 2407 638 2482 magnis
659 2423 772 2478 sempter
793 2404 944 2462 conatibus

79 2511 211 2568 masma.
233 2508 356 2565 lnlerim
368 2505 574 2564 cunctantibus
586 2505 850 2578 prolatantibusque
862 2519 943 2576 spem
955 2496 993 2556 51

79 2625 113 2666 ac
141 2613 260 2675 melum,
290 2607 446 2678 Epicharis
466 2605 616 2681 quaedam,
645 2605 787 2660 incertum
819 2620 944 2678 quonam

79 2709 164 2766 modo
178 2705 330 2764 sciscitata
354 2703 461 2782 (neque
480 2705 524 2762 illi
545 2711 612 2760 ante
627 2705 684 2760 ulla
699 2719 790 2759 rerum
812 2704 944 2760 bonesto-

78 2824 139 2864 rum
162 2821 232 2862 cura
260 2801 364 2881 fuerat)
384 2805 544 2861 accendere
569 2808 598 2858 el
622 2819 741 2874 arguere
761 2803 942 2860 coniuratus:

78 2922 114 2963 ac
128 2909 276 2978 postremo
291 2903 471 2960 lentitudinis
493 2919 591 2958 eorum
610 2909 750 2973 pertaesa,
764 2909 792 2955 et
814 2901 845 2957 in
859 2901 944 2958 Cum·

79 3005 168 3079 panis
181 3019 282 3075 agens,
302 3001 440 3074 primores
453 2999 664 3057 classiariorum
681 2998 891 3077 Misenensium
906 3003 945 3056 la·

78 3103 224 3166 beluosus,
240 3106 268 3156 et
282 3098 464 3157 conscientiis
484 3098 606 3171 inligare
625 3096 752 3154 connixa
766 3102 809 3152 est
824 3097 875 3152 tall
893 3097 950 3160 ini,

81 3203 133 3260 lio.
176 3201 247 3256 Erat
274 3199 456 3256 chiliarchus
470 3198 501 3254 iu
516 3213 559 3253 ea.
571 3198 664 3253 classe
679 3194 817 3250 Volusius
843 3195 947 3251 Procu-

83 3302 137 3364 lus,
157 3297 336 3354 occidendae
359 3297 457 3353 matris
483 3295 607 3352 Neronis
626 3295 703 3350 inter
717 3291 873 3355 ministros,
888 3307 947 3346 nou

85 3415 124 3456 ex
148 3393 346 3472 magnitudine
376 3373 503 3456 scetem
529 3399 697 3469 provectus,
722 3395 755 3448 ut
777 3385 947 3445 sebatur-is
