2090 3838
80 195 152 262 atr
370 215 621 262 rrrsrorrrrnvnr
804 220 831 265 s.
847 219 877 266 v.
893 223 946 268 ara.

78 367 260 428 ‘Caecinam
274 385 464 428 numeremur.
504 371 553 428 Ne
578 373 675 428 tamen
705 371 877 430 Mucianum
900 391 946 431 so-

79 467 176 526 ‘cium
200 469 353 540 spreveris,
373 469 439 545 quis
462 472 608 526 aemulum
636 488 694 528 non
720 471 870 544 experiris.
895 490 942 528 me

79 567 226 625 ‘Vitellio
238 575 392 642 antepono,
406 575 435 626 te
450 570 529 627 milri.
557 570 643 626 'l'nae
657 570 756 627 domui
770 571 944 644 triumphale

81 673 218 732 ‘nomen
237 669 295 725 duo
318 669 450 735 iuvenes,
469 686 565 742 capax
588 670 646 726 iam
667 670 787 742 imperii
808 673 892 736 alter,
914 673 946 727 et

81 768 200 840 ‘primis
215 767 336 824 militine
363 767 447 826 annis
461 771 536 842 apud
562 768 755 826 Germanicos
767 786 882 843 quoque
896 787 946 826 ex·

80 866 204 923 ‘ercitus
226 869 328 924 clarus.
371 869 535 924 Absurdum
558 869 652 934 tuerit,
672 885 730 925 nou
758 870 865 925 cedere
890 869 945 924 lm·

81 967 181 1040 ‘perio
208 967 246 1034 ei,
280 966 361 1024 cuius
382 966 471 1023 tilium
495 969 681 1039 adoptaturus
709 983 815 1033 essem,
835 968 861 1022 si
882 967 943 1038 ipse

80 1064 281 1137 ‘imperarent
322 1067 458 1124 Ceterum
473 1067 548 1122 inter
572 1083 699 1125 noanon
724 1067 803 1123 idem
831 1083 944 1139 prospe-

80 1167 195 1219 ‘rarum
223 1167 465 1239 adversarumque
488 1183 581 1222 rerum
608 1167 679 1222 ordo
707 1165 771 1222 erit.
813 1165 901 1230 Nam,
919 1165 944 1221 si

80 1261 253 1319 ‘vincimus
290 1264 438 1328 honorem,
459 1283 543 1339 quem
567 1266 692 1328 dederis,
725 1265 863 1320 habebo:
891 1265 943 1321 dis·

80 1360 209 1417 ‘crimen
239 1379 274 1419 uc
295 1363 423 1436 pericula
443 1383 483 1420 ex
508 1382 599 1439 aequo
620 1365 770 1437 patiemur.
792 1365 895 1430 immo,
914 1367 944 1420 ut

80 1461 202 1516 ‘melius
226 1467 280 1527 est,
300 1468 329 1518 tu
358 1463 410 1518 hos
435 1465 584 1521 exercitus
599 1482 683 1536 rege3
703 1463 777 1520 mihi
791 1465 901 1520 bellum
914 1465 944 1520 et

80 1562 274 1632 ‘praeliorum
289 1563 399 1619 incerta
415 1565 504 1619 trade.
548 1564 670 1620 Acriore
685 1559 772 1618 hodie
786 1561 943 1633 disciplina

80 1660 181 1725 ‘victi
202 1679 286 1734 quarn
308 1661 433 1718 victores
450 1669 548 1735 agunt.
571 1663 622 1718 hos
636 1663 688 1728 ira,
702 1661 810 1728 odium,
825 1661 943 1718 ultionis
1037 1679 1038 1750 l

80 1757 242 1829 ‘cupiditas
263 1761 299 1814 ad
315 1761 449 1817 virtulem
472 1761 623 1818 accendit:
645 1760 699 1823 illi,
721 1779 772 1833 per
796 1761 943 1817 fastidiunt

80 1858 129 1910 ‘et
154 1859 377 1926 contumaciam,
399 1861 568 1917 hebescunt.
612 1860 733 1932 Aperiet
760 1866 790 1915 et
815 1861 945 1916 recludet

79 1959 232 2011 ‘contecta
246 1963 276 2012 et
291 1960 482 2018 tumescentia
498 1960 662 2016 victricium
677 1958 800 2031 partium
822 1961 946 2015 vulnera

79 2053 203 2109 ‘bellum
218 2055 319 2127 ipsum.
363 2059 427 2115 Nec
454 2059 525 2114 mitri
540 2058 630 2115 maior
653 2057 682 2114 in
708 2063 756 2112 tua
779 2057 945 2130 vigilantia,
1037 2037 1038 2044 ἵ

79 2138 287 2227 ‘parsimonia
307 2141 469 2228 rapientia‚'
482 2158 586 2214 fiducia
608 2164 661 2219 est,
681 2173 766 2230 quam
788 2155 820 2212 iu
851 2156 945 2212 Vitel-

79 2253 132 2310 ‘lii
152 2259 274 2327 torpore,
296 2255 421 2324 inscitia,
441 2256 577 2312 saevitia.
620 2256 722 2311 Sedet
744 2253 899 2311 meliorem
912 2253 944 2312 iu

80 2355 179 2411 ‘bello
192 2371 332 2418 caussam,
352 2373 437 2428 quarn
464 2355 494 2411 in
524 2371 596 2427 pace
620 2355 781 2410 habemus:
806 2352 945 2427 namqui

28 2427 88 2491 '1¹8‘
102 2453 274 2518 deliberant,
295 2451 500 2510 desciverunt?
541 2453 610 2510 Post
626 2451 758 2509 Muciani
781 2453 945 2510 orationem

79 2553 170 2609 ceteri
191 2553 342 2610 audentius
366 2553 588 2619 circumsistere,
608 2551 724 2615 hortari,
744 2565 881 2626 responsa
900 2567 945 2607 uu·

79 2657 137 2708 lum
155 2659 180 2709 ct
192 2651 314 2709 siderum
332 2658 422 2708 motus
436 2653 549 2708 referre.
592 2653 656 2708 Nec
672 2657 733 2706 erat
747 2650 878 2707 intactus
894 2649 946 2707 tall

79 2753 291 2822 superstitione,
312 2757 343 2808 ut
376 2753 423 2824 qui
445 2756 522 2816 mort,
558 2761 650 2808 rerum
670 2749 814 2812 dominus,
845 2751 946 2807 Seleu·

79 2868 144 2907 curu
172 2857 324 2924 quendam,
353 2851 604 2917 mathematicum,
641 2857 782 2906 rectorem
806 2854 837 2904 et
866 2867 944 2921 prae·

78 2949 169 3005 scium
186 2951 279 3022 palam
308 2949 449 3006 habuerit.
493 2951 695 3006 Recursabant
715 2947 816 3003 animo
843 2953 945 3005 vetera

77 3048 185 3104 omina.
206 3066 356 3121 cupressus
377 3051 460 3104 arbor
487 3049 517 3104 in
531 3048 607 3121 agris
631 3047 703 3112 eius,
723 3046 885 3118 conspicua
906 3049 944 3104 ol·

106 3200 155 3252 Qui
164 3201 292 3250 deliberant.
302 3201 448 3260 desciuerunt]
482 3204 553 3247 Acute
567 3207 590 3246 et
605 3200 751 3246 veredictum
791 3199 874 3245 Fidem
885 3200 944 3248 enim

76 3258 120 3303 ianr
130 3260 202 3317 fregit.
218 3259 255 3317 qui
265 3259 382 3310 deliberat.
398 3273 426 3302 an
441 3265 522 3306 servet.
554 3259 686 3304 Plutarchus
700 3259 825 3318 exprimere
834 3259 857 3303 io
869 3258 944 3305 Galba

75 3317 146 3361 voluit
157 3319 239 3373 (magni
250 3317 302 3361 iecit
312 3317 351 3360 ille
361 3317 395 3361 vir
409 3316 466 3360 hunc
482 3329 587 3370 nostrum,
599 3325 622 3362 et
632 3332 763 3378 quamquam
775 3331 833 3361 aevo
844 3332 893 3363 conr
911 3333 943 3374 ar,

74 3375 146 3418 multa
155 3376 263 3422 verbatim
274 3389 301 3419 ex
310 3375 350 3419 hac
361 3375 453 3418 historia
463 3377 573 3420 convertit
583 3376 600 3431 :)
616 3375 652 3420 ubi
665 3376 770 3422 Vinnium
782 3375 834 3420 iacit
846 3376 891 3422 Gal
923 3391 943 3422 nt

74 3431 172 3477 excitare
191 3439 214 3478 et
233 3433 315 3489 alloqui
335 3447 351 3476 c.
374 3437 394 3476 t.
426 3433 452 3481 'n
473 3435 560 3494 Γαλβη,
577 3453 630 3483 τινα
653 3454 731 3502 rgorror
747 3437 897 3496 βουλευισθιὶ
919 3455 944 3486 ‘rr

73 3513 118 3564 teg
134 3497 210 3562 (usur,
226 3511 305 3568 turgeu
320 3517 338 3550 u
353 3515 431 3550 uteru
447 3515 548 3562 μενοιμιν,
563 3499 598 3554 adn
613 3518 635 3549 cu
651 3519 754 3564 purorum
770 3519 827 3552 scut.
