2100 3816
123 217 232 274 tuan
304 225 473 294 ornava
525 227 603 274 car.
629 207 797 276 23.-26.
901 209 972 276 115

121 376 190 450 quasi
203 378 295 451 Regio
318 379 458 447 iocinore,
480 386 650 440 ostentaret.
691 383 791 456 Igitur,
803 382 883 442 omni
898 381 1026 456 clvi-24

121 481 171 534 tate
199 480 235 534 ad
267 479 478 552 excipiendum
519 481 686 552 Principem
725 484 970 558 spectandumque

119 575 217 650 Regem
249 577 348 646 effusa,
383 579 527 646 Thrasea,
555 597 675 638 occursu
709 581 878 654 prohibitus,
911 599 971 640 nou

119 675 220 732 demisit
243 677 391 734 animum:
412 679 463 734 sed
487 678 639 736 cotlicillos
659 681 696 736 ad
721 681 871 737 Neronem
894 695 971 736 com·

119 774 208 844 posuit,
231 775 380 848 requirens
395 776 540 843 ‘obiecta,
553 783 584 834 et
605 773 828 851 expurgaturum
851 779 970 834 adseve-

119 875 198 940 ‘rans,
228 874 253 929 si
285 873 421 930 notitiam
454 875 609 932 eriminum
642 883 672 932 et
703 876 819 948 copiam
839 873 971 932 diluendi

118 970 289 1029 ‘tabuisset'
341 971 401 1029 Eos
425 973 576 1030 codicillos
604 975 684 1030 lisro
711 980 898 1047 properanter
924 989 972 1032 ac·

117 1070 192 1142 capit,
223 1089 287 1144 spe,
320 1073 490 1129 exterritum
526 1073 688 1129 Thraseam
722 1071 880 1145 scripsisse,
920 1089 971 1146 per

116 1185 178 1243 quae
208 1171 415 1228 claritudinem
450 1170 596 1243 Principis
634 1173 798 1240 extolleret,
832 1187 970 1243 suamque

114 1267 208 1326 tamam
230 1270 447 1326 dehonestaret.
503 1270 589 1341 Quod
616 1269 665 1326 ubi
691 1285 749 1326 nort
776 1269 888 1336 evenit,
908 1271 970 1326 vul·

113 1370 220 1440 tumque
240 1373 271 1424 et
298 1367 415 1439 spiritus
443 1372 473 1424 et
497 1367 659 1426 libertatem
683 1367 806 1426 insontia
830 1371 906 1424 ultro
919 1385 970 1424 ex·

111 1463 207 1531 tinuit,
233 1467 329 1522 coccri
358 1465 459 1522 Patrae
481 1467 570 1522 iubet.
621 1467 701 1524 Tum
733 1467 867 1522 Thrasea
894 1466 970 1523 inter

110 1565 249 1635 prosimos
273 1565 463 1630 consultavit,
490 1569 672 1622 ‘tantaretne
696 1563 905 1630 detentionem,
931 1580 969 1620 an

109 1660 288 1732 ‘sperneret’
341 1663 467 1719 Diversa
491 1662 615 1720 consilia
639 1662 850 1719 adferebantur.
901 1651 1022 1731 Qui-25

109 1762 158 1818 bus
183 1763 284 1820 intrari
308 1763 418 1820 cunam
442 1765 585 1836 placebat,
607 1766 743 1818 ‘securos
762 1777 827 1816 esse
845 1760 881 1816 de
901 1777 970 1817 con-

111 1862 232 1918 ‘stantia
256 1860 339 1928 eins,’
355 1861 510 1938 dixerunt:
532 1861 624 1918 ‘nihil
651 1861 804 1927 dicturum,
820 1857 886 1918 nisi
912 1873 969 1933 quo

108 1960 245 2032 ‘gloriam
279 1966 408 2033 augeret.
462 1961 575 2034 Seguss
613 1964 642 2016 et
656 1975 658 1980 ·
674 1957 795 2031 pavidos
828 1955 969 2030 supremis

105 2059 338 2115 ‘suissecaetam
353 2057 542 2114 circumdare.
585 2057 758 2130 Adspiceret
783 2059 903 2129 populus
928 2055 970 2110 vi·

106 2163 200 2224 ‘vana
215 2159 300 2214 morti
315 2159 442 2225 obvium
456 2158 568 2216 audiret
583 2159 708 2216 Senatus
723 2175 820 2220 voces,
836 2158 916 2228 quasi
931 2173 970 2213 ex

104 2257 371 2329 ‘alterutrumne
385 2275 469 2330 supra
484 2259 643 2316 humanos:
664 2273 747 2329 posse
756 2256 820 2328 ipso
831 2255 970 2312 miraculo

105 2355 212 2412 ‘etiam
229 2356 378 2410 Neronem
394 2356 565 2427 permoveri.
575 2356 620 2412 sin
634 2353 799 2412 crudelitati
814 2352 970 2417 insisteret,

103 2453 264 2526 ‘distingui
277 2458 359 2510 certe
368 2455 443 2526 apud
456 2461 584 2526 posteros
599 2452 766 2510 memoriam
781 2449 896 2506 honesti
909 2449 969 2506 sai·

104 2555 166 2608 ‘tus
180 2555 218 2608 ab
232 2553 353 2626 ignavia
368 2571 421 2625 per
438 2553 587 2610 sitentium
609 2547 809 2626 pereuntum?
851 2548 969 2614 Contra,
980 2553 1023 2611 26

103 2649 149 2723 qui
168 2651 380 2723 opperiendum
403 2653 482 2708 domi
506 2650 725 2713 censebantur
746 2647 811 2719 ipso
836 2647 970 2704 Thrasea

102 2753 222 2808 eadem:
243 2751 311 2808 “sad
327 2752 449 2808 ludibria
471 2759 501 2807 et
521 2749 713 2807 contumelias
734 2749 886 2806 innrinere.
907 2749 971 2804 sub·

102 2852 248 2906 ‘traheret
273 2867 357 2908 aures
381 2851 527 2907 conviciis
550 2857 581 2905 et
603 2849 721 2922 probris.
776 2849 845 2904 Non
878 2850 970 2904 solum

102 2949 329 3006 ‘Cossutianum
344 2956 391 3006 aut
407 2949 526 3020 Eprium
541 2949 577 3004 ad
592 2949 686 3003 scelus
702 2953 846 3020 promptos
861 2965 867 3001 :
889 2963 970 3018 supe·

103 3049 211 3114 ‘resse,
224 3047 273 3122 qui
297 3047 414 3106 torsitan
431 3065 531 3104 manus
551 3045 681 3118 ictusque
705 3063 756 3118 per
768 3044 970 3102 inmanitatem

103 3148 233 3203 ‘rusurtz
263 3147 353 3203 etiam
373 3149 464 3202 bonos
484 3151 562 3202 metu
586 3145 674 3218 sequi.
725 3144 899 3200 Detraheret
923 3158 971 3214 po·

104 3244 176 3300 ‘tius
202 3246 334 3310 Senatui,
357 3263 442 3320 quern
468 3243 691 3316 perornavisset,
723 3241 871 3298 infamiam
897 3239 971 3296 tanti

105 3341 245 3416 'flagitii3
266 3350 295 3400 et
311 3344 484 3421 relinqueret
498 3343 650 3407 incertum,
665 3342 743 3416 quid,
760 3340 822 3394 viso
838 3339 971 3393 Thrasea

105 3441 179 3511 ‘reo,
192 3443 338 3502 decreturi
353 3443 454 3502 Patres
469 3443 582 3500 luerint.
622 3443 668 3498 'Vt
689 3441 837 3496 Neronem
851 3433 972 3506 flagitio-
995 3451 1003 3458 ·
