2158 3820
56 187 78 256 8
390 212 575 260 urrunnun
780 216 808 264 ι.
825 212 855 264 ν’.
872 218 937 265 ers..

54 381 110 438 que
123 363 280 431 sitentium,
306 347 446 424 ue‘inriti
466 346 675 435 ‹tiesnaderent
696 385 734 426 an
748 387 784 426 eo
804 343 928 441 descen·

53 479 116 520 sum
146 465 313 531 credebant,
342 471 382 530 ut,
410 467 468 522 nisi
499 469 716 539 praeveniretur
749 467 923 542 Agrippina,

52 565 229 636 pereundum
253 565 366 622 Neroni
394 571 480 622 esset.
523 565 592 622 Post
624 567 748 632 Seneca,
778 567 922 624 hactenus

51 663 219 735 promptior,
239 663 383 736 respicere
405 665 536 732 Burrum,
557 682 592 722 ac
612 664 766 732 sciscitari,
787 672 845 722 ‘an
868 666 922 724 mi·

41 761 116 818 ·‘liti
137 762 309 835 imperando,
325 764 431 820 caedes
451 761 559 820 essetl'
618 765 673 820 ltle
694 764 922 822 ‘Praetorianos

51 861 128 918 ‘tou
144 862 303 920 Caesarum
323 862 428 922 domui.
444 863 607 927 obstrictos,
628 879 825 936 memoresque
847 864 922 922 Ger·

51 961 188 1026 'manici
209 960 282 1018 nihil
307 962 445 1018 adversus
477 961 643 1035 progeniem
675 961 737 1018 eius
758 969 840 1018 atron
872 980 923 1020 au·

50 1059 168 1126 ‘auron’
189 1060 345 1132 respoudit,
376 1067 570 1134 ‘perpetraret
594 1059 737 1116 Anicetus
759 1059 918 1132 promissa?

51 1158 118 1230 Qui,
139 1159 213 1216 nihil
233 1165 396 1226 cunctatus,
416 1159 509 1232 poscit
529 1175 669 1220 summum
690 1159 819 1216 sceleris.
867 1161 923 1218 Ad

48 1271 114 1314 eam
139 1275 243 1316 vocem
273 1259 363 1326 Nero,
394 1258 465 1314 ‘itio
493 1259 547 1314 sibi
578 1258 627 1314 die
657 1258 720 1316 dari
751 1258 922 1330 Imperium,

49 1362 269 1431 ‘auctoremque
302 1357 377 1416 tanti
411 1357 536 1414 muneris
576 1354 719 1414 libertum'
760 1358 921 1430 protitetnr.

48 1453 122 1512 ‘iret
143 1473 273 1529 propere,
302 1458 476 1530 duceretque
501 1454 727 1527 promptissimos
756 1457 793 1512 ad
820 1455 923 1514 iussa?

47 1555 125 1628 lpse,
152 1555 260 1623 audito,
280 1556 417 1614 ‘venisse
448 1557 536 1612 rnissu
570 1553 752 1628 Agrippinae
784 1555 923 1615 nuntium

47 1654 248 1730 ‘Agerinum’
268 1671 386 1712 menum
411 1657 485 1712 ultro
504 1654 634 1712 criminis
656 1660 755 1726 parat:
777 1655 922 1728 gladium·

46 1771 110 1828 que,
129 1755 197 1810 rlurn
218 1756 354 1812 mandate
367 1753 482 1826 perfert,
502 1754 602 1810 abiicit
624 1753 701 1810 inter
726 1755 825 1826 pedes.
839 1754 916 1812 eius.

26 1858 116 1932 ¹tum,
150 1854 231 1923 quasi
260 1853 450 1926 deprehenso,
478 1852 606 1910 ‘vincta
635 1849 727 1908 iniioi'
761 1852 848 1921 iubet,
881 1858 917 1910 ut

46 1951 188 2010 ‘exitium
210 1951 353 2024 Principis
374 1950 664 2016 molita-matrem,
675 1955 706 2006 et
736 1951 844 2024 pudore
863 1952 921 2012 de-⁴

45 2051 198 2125 ‘prehensi
217 2051 336 2108 sceleris
356 2055 460 2123 sponte
492 2057 612 2108 mortem
643 2047 817 2123 sumpsisse,’
845 2067 919 2108 con·

15 2141 175 2224 tangerer.
236 2149 357 2208 Interim
399 2151 518 2224 vulgato
553 2149 733 2222 Agrippinae
773 2149 921 2221 periculo,

44 2249 126 2324 quasi
145 2265 214 2307 casu
233 2249 392 2314 evenisset,
423 2255 454 2304 ut
484 2247 603 2321 quisque
627 2253 791 2318 acceperat,
811 2249 916 2306 decur-

43 2365 106 2406 rere
135 2350 171 2406 ad
200 2348 276 2406 litus.
318 2348 359 2406 Hi
390 2346 509 2404 molium
537 2345 677 2414 obiectus,
698 2347 728 2402 hi
762 2345 914 2418 proximus

44 2501 131 2553 Neroni
141 2503 188 2550 eius
197 2503 293 2550 criminis
303 2501 364 2548 tacit.
375 2501 442 2562 idque
452 2515 466 2545 a
475 2500 518 2546 tide
527 2499 597 2557 dignis
607 2498 683 2544 multis
693 2499 801 2546 traditum
812 2513 865 2547 esse.

143 2592 210 2635 ’Ana’
226 2581 450 2647 permensaque
466 2598 492 2630 ru
511 2581 632 2630 στηθισσιι
648 2579 727 2628 mods.

44 2673 105 2731 urps.
155 2672 206 2719 noc
223 2669 316 2716 Tacitus
335 2667 406 2720 addit,
431 2671 456 2711 ut
475 2665 559 2724 aliquid
578 2665 643 2709 daret
667 2664 744 2710 invido
763 2664 855 2722 rumori,
874 2668 916 2736 qui

43 2740 162 2794 utrumque
182 2729 245 2777 lruius
264 2729 298 2774 cul
315 2741 343 2772 ae
366 2724 472 2782 alligavit,
501 2725 559 2784 quod
585 2724 678 2769 Tacitus
699 2725 808 2768 affirmare
827 2725 912 2773 noluit.

43 2792 76 2840 Et
86 2793 132 2838 sine
141 2789 209 2838 dubio
218 2787 323 2843 intelligit
338 2785 429 2842 ignaros
444 2782 571 2828 insidiarum
587 2781 609 2826 in
622 2781 776 2886 Agripilmm'
790 2797 835 2828 non
845 2783 915 2832 liuius

44 2857 131 2898 rantum
150 2847 207 2898 irriti
226 2847 307 2906 coepti.
340 2843 420 2902 Neque
439 2841 528 2886 obstant
546 2849 675 2897 argumenta
718 2841 816 2886 ertranii.
849 2843 915 2892 Quid

43 2910 123 2958 snian
147 2909 228 2957 Burrus
244 2903 345 2962 promisit
359 2899 498 2958 Agrippinae
512 2905 609 2952 mortem,
625 2899 645 2944 si
652 2899 767 2955 suduosis
782 2915 915 2957 coarguere·

43 2973 98 3015 tur:
118 2972 209 3027 ergoet
225 2963 324 3010 conscius
339 2959 389 3015 ruit,
404 2975 453 3005 curn
471 2959 518 3004 sine
535 2959 634 3011 crimine,
650 2957 697 3004 sine
713 2958 860 3013 accusatione,
876 2959 914 3008 irr-

42 3025 198 3074 terficeretur?
216 3023 282 3075 Dein,
298 3024 383 3066 Seneca
400 3021 471 3064 Acten
487 3017 585 3071 immisit,
600 3022 625 3062 ut
639 3017 779 3078 praeveniret
794 3018 914 3077 incestum,

42 3102 95 3146 ergo
114 3085 256 3148 parricidium
276 3078 385 3140 probavit.
419 3078 489 3122 lrnrno
505 3081 551 3120 turn
571 3090 636 3120 nerno
652 3075 765 3130 credebat,
779 3075 809 3120 ud
824 3078 915 3124 eusdem
935 3119 937 3124 .

42 3147 120 3192 matris
127 3145 180 3202 filii
188 3143 238 3189 odia
248 3141 366 3186 duratura.
400 3135 501 3196 Denique
521 3135 566 3179 Dio
579 3149 628 3180 cum
643 3133 792 3193 compluribus
807 3135 851 3180 suis
868 3137 915 3184 buc

41 3205 64 3252 in
74 3220 99 3251 re
108 3204 170 3250 nulla
179 3203 221 3248 tide
230 3199 308 3256 dignos
318 3203 358 3250 est,
369 3194 501 3254 optimoiurn
512 3207 525 3236 e
535 3193 641 3238 Romanis
651 3193 795 3239 obtrectator.
836 3193 911 3243 Gran.

71 3283 107 3330 Hr'
121 3282 215 3328 molium
228 3275 331 3336 objectus]
364 3273 427 3320 Nihil
446 3273 468 3317 in
491 3271 556 3317 ltalia
572 3287 599 3317 ae
617 3273 675 3318 torte
689 3277 739 3318 toto
753 3272 809 3319 orbe
824 3273 914 3324 Baiano

41 3343 109 3390 litore
118 3341 208 3400 gratius.
241 3337 322 3384 Horat.
335 3334 352 3379 l.
364 3332 436 3392 Epist.
449 3333 466 3377 1.
478 3333 513 3377 8³.

159 3419 241 3467 Nullus
252 3416 274 3462 in
282 3413 336 3460 orbe
344 3412 403 3458 sinus
414 3409 472 3456 Baiis
480 3407 594 3469 praelucet
603 3409 709 3456 amoenis.

39 3501 92 3550 Huc
110 3514 163 3559 ergo
183 3513 231 3546 eum
252 3493 371 3552 Principes,
391 3494 416 3535 ct
439 3487 605 3548 locupletissimi
625 3489 706 3557 quique
723 3488 820 3558 nonant
842 3491 912 3542 villar

40 3562 123 3610 urbere
132 3560 226 3618 vellent,
241 3570 285 3604 non
299 3551 352 3602 litus
366 3554 460 3607 tantum,
475 3548 515 3596 sed
529 3561 590 3594 mare
604 3547 694 3594 molium
709 3547 797 3606 obiectu
807 3550 913 3599 aedifica.
