2158 3820
92 201 115 247 ι.
128 197 153 246 c.
168 201 207 246 ce.
310 186 465 248 mnx'r.
516 180 789 252 multi-21.
906 185 950 255 61

91 351 260 416 'educendi
285 351 425 410 adversus
448 354 576 412 lraurlem
591 359 620 412 et
635 363 711 415 artes
725 365 755 417 el
780 359 954 420 brevitatem

90 450 276 525 ‘montionis’
290 459 481 510 enumerent:
502 455 591 512 ‘salis
604 457 688 528 prelii
702 475 765 514 esse
778 460 864 526 orbis,
878 460 955 535 quod

90 555 193 610 ‘multe
207 552 379 618 securitate,
404 553 490 609 bullis
504 556 649 620 oneribus,
674 557 807 630 gratiam,
821 559 955 627 bonores,

90 654 210 708 ‘cuncto
225 655 359 724 promoto
375 657 405 707 et
426 652 515 708 obvia
536 654 686 710 baberent.
729 653 792 712 Sibi
817 657 955 729 promisso

89 751 198 823 ‘legum
223 749 276 806 diu
304 757 475 819 exspectate
498 753 529 808 in
559 751 711 808 ludibrium
737 752 820 820 verti,
841 755 955 828 quondo

90 845 165 921 ‘quis
190 848 257 904 sine
270 848 459 905 solicitudine
480 867 591 921 parens,
610 849 673 907 sine
689 853 766 908 luclu
779 855 873 919 orbus,
896 855 955 910 lon·

91 951 268 1019 ‘gonrlrum
292 953 361 1002 vole
385 954 503 1019 repente
530 947 726 1023 adaequaret!
767 951 892 1009 Factum
916 969 955 1010 ex

91 1061 124 1101 eo
146 1047 274 1101 Senarus
292 1047 464 1116 consultum,
479 1054 487 1080 ‘
500 1065 536 1103 ne
560 1049 694 1106 simulate
715 1049 833 1122 adoptio
847 1049 877 1108 in
894 1051 954 1108 ulte

90 1148 186 1216 ‘porte
200 1143 331 1200 muneris
346 1143 455 1216 publici
468 1145 591 1210 iuvaret,
606 1163 640 1204 cc
659 1165 697 1205 ne
712 1149 879 1223 usurpandis
893 1149 954 1224 qui·

89 1242 166 1298 ‘dem
189 1242 402 1300 hereditatibus
417 1241 585 1316 prodesset!
626 1245 704 1304 Exin
733 1247 872 1305 Claudius
901 1239 1007 1304 'Pi-2⁰

15 1363 16 1406 4
89 1343 227 1412 merclrus,
251 1343 411 1410 Cretensis,
439 1363 502 1403 reus
527 1345 628 1420 agitur,
648 1347 753 1404 celeris
774 1347 954 1414 criminibus,

89 1447 117 1499 ul
128 1445 225 1499 solent
241 1442 405 1514 praevalidi
418 1445 649 1515 provincialium,
658 1451 688 1502 et
699 1445 800 1518 opibus
811 1443 907 1503 nimiis
917 1446 954 1500 erl

87 1541 204 1600 iniurias
219 1542 364 1598 minorum
378 1543 466 1600 elati:
481 1561 538 1600 uno
553 1561 611 1600 vox
626 1544 689 1600 eins
703 1561 792 1616 usque
805 1543 841 1598 nd
855 1546 955 1598 contu·
1062 1617 1063 1628 ἵ

89 1642 204 1698 melium
228 1641 356 1698 Senatus
381 1647 594 1712 penetraverat,
614 1641 688 1716 quod
709 1640 883 1705 dictitasset,
904 1639 954 1696 ‘in

88 1745 155 1796 ‘eno
180 1744 327 1812 potestate
347 1738 443 1807 situm,
467 1757 504 1798 cn
527 1739 759 1806 Proconsulibue,
773 1738 821 1814 qui
836 1739 954 1797 Cretam

88 1838 310 1903 ‘obtinuissent
324 1844 419 1912 grates
434 1837 607 1913 agerentur?
648 1839 742 1910 Quom
766 1838 955 1896 occasionem

87 1936 194 1994 Paetus
209 1935 346 1994 Thrasea
370 1937 407 1993 ad
432 1939 538 1995 bonum
557 1935 702 2011 publicum
728 1943 855 2001 verlens,
880 1941 955 2009 post-

15 2059 17 2064 .
86 2053 169 2109 quom
193 2037 233 2092 rle
257 2052 307 2092 reo
331 2035 679 2108 censuerat,‘provincia
699 2035 788 2094 Orela
808 2035 957 2108 depellen-

88 2133 191 2200 ‘uum’
205 2135 281 2191 baec
296 2133 424 2191 odrlirlit:
446 2141 515 2190 ‘usu
537 2135 686 2206 probolum
700 2139 754 2201 est,
776 2133 809 2190 P.
825 2133 860 2191 0.
876 2135 956 2214 leges

89 2232 248 2306 ‘egregins
262 2233 399 2305 exemplo
419 2233 554 2299 bonerto,
574 2233 650 2304 opud
673 2235 764 2289 bonos
788 2249 825 2289 ex
840 2233 956 2289 deliclls

91 2331 230 2388 ‘oliorum
261 2331 352 2403 gigni.
402 2331 454 2388 Sic
487 2337 631 2390 oratorum
665 2329 786 2387 licentio
820 2329 958 2387 Cincium

91 2431 310 2502 ‘rogationem
341 2429 560 2486 candidatorum
589 2429 714 2486 ambitur
742 2427 831 2485 iulias
858 2429 955 2499 leges3

90 2527 331 2602 ‘Magistrituum
345 2527 469 2584 eventio
490 2527 649 2600 Calpurnio
669 2525 753 2591 scite,
774 2529 956 2598 pepererunt.

92 2625 187 2684 ‘Nem
200 2628 298 2699 culpa,
313 2643 397 2698 quam
419 2643 522 2698 poene,
542 2623 672 2698 tempore
686 2623 779 2698 prior3
800 2623 956 2697 emendari,

91 2729 192 2799 ‘quem
204 2741 339 2798 peccare,
353 2724 495 2796 posterius
509 2729 561 2780 est
604 2723 682 2796 Ergo
696 2723 833 2781 adversus
849 2741 955 2782 novam

90 2823 334 2896 ‘provincialium
348 2823 510 2895 snperbiam
532 2821 651 2895 (iignum
664 2821 722 2879 fide
735 2823 955 2896 constantiaque

90 2921 402 2994 ‘Romnnecnpiemus
415 2921 578 2985 consilium,
600 2937 656 2994 quo
679 2922 788 2978 tutelae
811 2920 955 2978 sociorum

89 3020 182 3078 ‘nibil
204 3021 365 3094 derogetur,
387 3019 470 3077 nobis
493 3017 593 3092 opinio
615 3019 748 3086 decedet,
768 3018 860 3092 qualis
880 3017 972 3093 quis-¹

89 3122 165 3192 ‘que
184 3120 335 3185 bebeetur,
361 3117 431 3174 olibi
451 3135 537 3191 quem
560 3117 591 3174 io
610 3115 721 3174 civium
744 3115 854 3174 iurlicio
880 3133 952 3173 esse.

89 3217 188 3275 ‘olim
213 3217 330 3290 quidem
355 3233 413 3274 nou
435 3217 521 3274 modo
543 3216 671 3284 Praetor,
690 3221 739 3272 aul
760 3215 882 3280 Consul,
902 3213 1003 3274 redil

87 3315 217 3390 ‘privati
237 3313 328 3374 etiam
347 3316 543 3382 mittebantur,
563 3315 613 3391 qni
632 3312 800 3389 provincias
814 3311 952 3378 viserent,

127 3431 198 3472 voc.
219 3432 256 3472 ιι.
533 3415 552 3468 6
