2100 3816
90 191 204 242 acar.
312 194 383 242 nra.
409 193 481 244 xva.
532 195 609 243 aas.
637 177 803 246 31.-a³.
881 175 953 248 m

91 347 194 420 exeipit
227 349 359 406 Soranus
380 350 613 424 proaismatquet
634 354 718 410 ‘non
736 349 818 410 iliarn
838 351 869 412 in
891 369 953 426 pro·

92 447 236 504 ‘vinciam
268 456 370 504 seeum
392 448 560 521 proiectam,
589 466 648 506 non
670 448 773 508 Pinnio
806 469 857 524 per
876 457 953 509 aeta·

90 548 97 576 ¹
110 550 165 602 iem
172 547 255 604 nosci
266 547 394 618 potuisse
405 567 412 602 :
423 548 657 606 noueriminibus
669 549 763 606 rnariii
771 565 951 608 connexam

87 644 210 702 ‘nimiae
234 653 349 703 tantum
370 645 487 716 pietatis
508 663 587 704 ream
616 652 792 720 separarent,
812 655 897 722 sique
911 647 952 722 ip·

89 746 136 798 ‘se
148 761 359 818 quemeumque
373 752 479 801 sortem
500 742 628 802 subiret?
668 746 760 804 Simu!
771 745 802 802 in
825 749 952 820 ampiex-

90 855 120 898 us
136 843 316 900 occurrentia
347 843 425 900 filiae
447 845 558 908 ruebat,
578 843 634 900 nisi
655 843 804 902 interienii
835 843 952 902 lictores

90 939 211 1014 utrisque
230 940 411 998 obsitiaseni.
450 941 627 1000 Mandatus
648 943 770 1000 iesiihus
796 945 892 1000 inens:
912 945 952 1012 ai,

91 1046 221 1111 qnantum
242 1039 461 1096 misericordiae
480 1039 604 1097 saevitia
625 1040 821 1098 adcusaiionia
843 1055 953 1114 permo-

93 1145 303 1203 somniantum
316 1137 379 1194 irae
391 1137 425 1194 Ρ.
439 1138 581 1210 Egnatius
593 1139 674 1194 renis
687 1139 828 1196 eoneivii.
849 1139 952 1198 (iiiam

92 1233 139 1292 irie
160 1237 273 1302 Sorani,
288 1247 317 1292 ei
330 1243 402 1294 tune
414 1243 526 1307 emptus
537 1238 573 1294 ad
587 1238 805 1310 opprimendum
816 1240 952 1308 amicum,

92 1337 287 1394 auctoritatem
300 1335 420 1392 Stoicae
429 1342 528 1392 aeetae
544 1336 730 1407 praeferebat,
746 1338 843 1396 irnisiiu
857 1343 886 1394 ei
901 1354 951 1395 ure

91 1434 125 1490 ad
138 1435 357 1507 exprimendam
379 1435 535 1506 imaginem
561 1435 676 1490 honesri
699 1438 855 1498 exereitus,
874 1441 952 1492 cais·

92 1547 149 1588 rum
171 1535 270 1589 animo
295 1531 472 1603 perfidiosus,
496 1533 640 1597 subdolus,
664 1533 818 1590 avaritiam
839 1549 874 1588 aa
890 1532 952 1590 iibi-

93 1629 184 1688 dinem
204 1633 367 1690 occursans.
409 1631 491 1702 Quae
517 1639 666 1704 postquam
691 1631 814 1702 pecunia
839 1631 952 1688 reeiuaa

93 1736 161 1796 aunt,
172 1730 254 1787 dedii
268 1731 436 1800 exempinrn
459 1728 664 1800 praecavendi,
686 1729 829 1800 quomodo
849 1727 952 1786 frandi-

93 1827 300 1884 isasinvuiuioa
314 1835 364 1884 aut
387 1827 503 1900 flagitiis
527 1829 763 1892 commanuiains,
783 1827 828 1884 sie
852 1827 951 1900 speeie

94 1925 224 1994 bonsmm
236 1927 342 1984 artium
355 1925 453 1989 saisos,
467 1930 497 1982 et
508 1925 655 1982 amicitiae
666 1925 791 1982 iaiiaces.
814 1927 896 1986 idem
912 1932 951 1984 ta·
962 1935 1005 1996 33

95 2040 156 2081 men
168 2027 230 2082 dies
244 2031 276 2080 ei
298 2025 450 2082 honestum
470 2026 636 2095 exemplum
651 2023 715 2080 tulii
730 2025 827 2081 Cassii
850 2027 951 2082 Ascle·

95 2123 214 2196 pindoii3
248 2123 307 2198 qni,
342 2122 541 2196 magnitudine
565 2139 651 2194 opum
680 2123 849 2196 praecipuae
875 2123 952 2180 inter

94 2221 242 2296 Biihynos,
251 2239 307 2297 qua
318 2222 456 2296 obsequio
469 2221 619 2278 florentem
632 2221 772 2278 Soranum
785 2222 952 2278 celebrave-

97 2328 144 2384 rai,
159 2324 304 2380 iabeaiem
319 2337 377 2378 non
392 2319 536 2376 deseruit:
566 2329 725 2392 exutusque
747 2319 879 2374 omnibus
902 2319 954 2376 ior·

93 2421 165 2476 inuis
190 2419 275 2478 etin
298 2417 434 2476 exsilium
458 2421 557 2486 antus3
588 2417 733 2492 aequitate
762 2417 857 2472 Deum
885 2434 952 2492 erga

789 2526 801 2554 ι

121 2593 148 2639 P.
160 2593 284 2654 agnetam]
312 2591 348 2640 ne
356 2605 401 2652 quo
410 2589 587 2648 indignabundus
595 2586 718 2636 iuvenalia.
745 2589 820 2645 satyr.
833 2588 875 2635 lii.
888 2591 936 2637 115.

327 2670 393 2718 Audi
398 2669 496 2726 sarium
504 2668 596 2728 majoris
604 2669 694 2714 abellae.

205 2729 292 2778 Stoicus
301 2729 380 2776 decidii
389 2729 492 2784 Baream.
503 2729 587 2774 demur
595 2726 700 2778 amicum.

207 2789 393 2848 Discipulnmqua
402 2802 475 2840 senen.
486 2789 536 2842 ripn
546 2785 647 2832 numus
656 2783 683 2830 in
691 2785 740 2840 itm,

205 2848 244 2894 Ad
252 2862 319 2906 quarn
328 2846 439 2905 dorm
447 2847 536 2903 duppe
544 2850 575 2892 esi
581 2845 653 2902 pinara
663 2843 750 2890 aarum.

91 2925 149 2974 vire
158 2925 216 2972 inira
225 2925 285 2972 iiiat.
298 2925 337 2972 iv.
350 2927 385 2973 1⁰.
416 2924 480 2972 Brut.

120 3005 235 3064 Aapuiints
254 3003 340 3065 Deum]
377 3003 416 3050 Dii
433 3017 504 3063 aeque
522 3007 640 3064 utrumque
654 3002 779 3062 exemplum
794 3003 953 3063 praebuerunt,

91 3068 115 3110 ut
130 3074 190 3109 reete
199 3063 300 3123 explicat
315 3061 415 3108 eruditus
430 3061 549 3118 Petavius3
561 3059 659 3166 Epietatis
673 3067 696 3106 ei
710 3061 856 3118 morentiae,
872 3064 894 3109 in
912 3065 951 3110 Aa·

91 3122 222 3184 clepiodoto‚
245 3121 351 3180 perfidiae
365 3127 390 3166 et
403 3120 499 3176 sceleris,
520 3121 543 3166 in
581 3120 662 3178 gratio.
695 3119 780 3166 Eadem
797 3121 863 3168 deurn
877 3123 953 3192 aequi-

92 3186 132 3235 tas,
142 3196 191 3226 curn
204 3181 270 3226 simui
286 3180 350 3226 Nera
359 3194 387 3224 ae
402 3185 491 3226 renatus
505 3177 601 3236 flagitiis,
616 3179 723 3229 Thrasea,
740 3181 844 3232 Soranus.
859 3180 954 3226 Servilia

92 3240 172 3308 diique
187 3239 313 3293 virtutibus,
329 3239 484 3284 clarescerent.
516 3237 582 3284 Maia
601 3239 662 3284 bonis
679 3237 748 3282 mixis
763 3251 848 3296 semper
862 3239 954 3284 exhibet

93 3298 188 3344 Tacitus.
221 3297 276 3342 inde
285 3312 334 3343 essm
345 3297 416 3342 muita
425 3297 509 3342 seelera
523 3301 665 3351 memoraret,
681 3294 737 3341 inira
749 3295 806 3342 Hiat.
820 3297 836 3342 i.
847 3299 870 3342 2.
881 3296 953 3350 addit,

93 3353 142 3401 Non
153 3361 229 3401 tamen
244 3358 305 3404 adeo
320 3356 425 3402 virtatem
442 3354 518 3402 sterile
533 3358 638 3411 samnium,
653 3360 678 3399 ui
695 3367 739 3399 nan
749 3357 773 3398 et
782 3352 839 3399 bona
849 3352 953 3412 exempla

92 3415 222 3474 prodiderit.
253 3415 317 3462 Brut
