2090 3838
71 181 145 252 208
377 201 631 250 ursuonrsnvu
796 202 826 249 s.
841 199 870 248 v.
883 201 944 248 san.
1028 165 1030 168 ⁵

71 357 134 416 dies
160 355 271 430 impetu
299 356 402 432 magis,
428 373 514 430 quarn
548 353 684 412 veterani
718 352 864 412 exercitus
894 370 944 412 nr·

71 455 158 523 tibus,
185 460 362 512 transactus:
390 454 483 527 aperti
507 453 674 528 incautique
698 469 796 514 muros
816 452 944 522 subiere,

72 553 140 612 sibu
169 555 295 626 vinoque
322 569 505 627 praegraves.
554 553 591 612 ln
618 569 655 610 eo
681 551 853 619 certamine,
877 551 945 624 pul·

73 653 246 712 uberrimum
266 651 473 724 amphitheatri
500 669 581 724 opus,
609 651 696 708 sitnm
725 657 810 708 extra
835 664 944 720 muros,

72 753 283 837 conflagravit:
304 751 369 808 sive
383 753 420 808 ab
434 751 679 824 oppugnatoribus
694 749 858 812 incensum,
870 750 943 808 dnm

72 853 152 910 laces
172 857 202 910 et
221 852 342 926 glandes
362 867 398 908 ac
418 849 558 908 missilem
574 849 673 922 iguem
687 848 719 904 in
733 850 867 906 obsessos
880 847 941 906 iac·

72 953 205 1020 utanturr
238 951 303 1008 sive
336 951 374 1006 nb
400 948 536 1015 obsessis,
563 948 632 1006 dum
658 951 768 1004 retorta
795 947 940 1020 ingerunt.

74 1049 255 1122 Municipale
282 1050 395 1122 uulgus,
421 1063 542 1120 pronum
566 1047 603 1103 ad
627 1045 820 1118 suspiciones,
845 1043 942 1102 fraude

72 1147 163 1204 inlata
184 1147 260 1220 ignis
280 1148 419 1204 alimenta
439 1145 564 1204 credidit
583 1145 785 1220 aquibnsdam
800 1163 818 1202 e
834 1146 940 1204 vicinis

71 1245 204 1310 coloniis,
218 1245 332 1304 invidia
356 1252 386 1302 et
403 1245 607 1312 aemulatione,
622 1245 698 1318 quud
713 1247 794 1302 nulla
808 1245 841 1302 iu
855 1245 941 1302 ltalia

72 1346 164 1400 moles
191 1349 252 1402 tum
279 1359 374 1416 capax
401 1344 483 1400 toret.
517 1361 689 1417 quocunque
723 1359 793 1400 casu
823 1343 942 1412 accidit,

72 1445 140 1502 dum
163 1443 307 1502 atrociora
331 1445 541 1509 metuebantur,
566 1442 597 1498 in
622 1439 684 1498 levi
705 1440 856 1498 habitum:
882 1441 945 1498 red·

72 1543 134 1602 dila
156 1543 321 1613 securitate,
345 1549 490 1616 tamquam
512 1540 586 1598 nihil
609 1538 737 1612 gravina¹
753 1539 816 1612 pati
836 1539 944 1612 potuis·
1018 1525 1021 1529 Α

73 1639 149 1710 seut,
175 1644 353 1700 moerebant.
405 1640 545 1698 Ceterum
572 1640 663 1696 multo
689 1654 806 1694 suorum
840 1654 943 1696 cruore

73 1742 172 1810 pulsus
191 1740 339 1807 Caecina:
361 1743 392 1796 et
406 1755 466 1796 nox
481 1737 616 1810 parandis
630 1736 765 1810 operibus
778 1737 944 1810 adsumpta.

19 1872 23 1880 ·
72 1838 369 1911 Vitelliani.plutcos
393 1842 545 1912 cratesque
569 1841 599 1893 et
627 1835 731 1892 vineas
754 1835 945 1896 suffodiendis

72 1937 170 2002 muris,
205 1917 447 2009 protegendisque
481 1923 744 2008 oppugnatoribus3
777 1933 944 1992 Othoniani

71 2035 156 2092 sudes
176 2039 206 2091 et
220 2034 367 2092 inmensas
391 2034 519 2106 lapidum
533 2050 568 2090 uo
595 2033 703 2106 plumbi
726 2032 859 2106 aerisque
883 2050 943 2090 mo·

71 2135 125 2210 les,
165 2133 376 2206 perfringendis
415 2133 626 2205 obruendisque
668 2131 809 2198 hostibus,
850 2149 942 2205 expe·

72 2233 164 2290 diunt.
230 2232 384 2304 Vtrimque
412 2232 511 2304 pudor,
538 2230 679 2304 utrimque
707 2229 808 2302 gloria,
840 2235 870 2286 et
899 2230 941 2286 di·

72 2349 176 2389 versae
203 2331 429 2396 exhortationes,
457 2329 526 2386 hinc
555 2327 696 2404 legionum
720 2335 748 2384 et
778 2327 943 2386 Gemumrici

72 2428 207 2488 exaratus
226 2427 322 2497 robur,
335 2429 417 2504 'inde
441 2426 566 2484 urbanos
589 2425 706 2484 militiae
730 2433 756 2483 et
776 2426 941 2485 Praetoriu-

72 2546 136 2586 rum
156 2527 308 2586 cohortium
331 2526 412 2584 denes
430 2527 650 2596 adtollentjnm:
672 2525 715 2584 illi
728 2531 759 2592 ut
779 2543 894 2600 segnem
908 2543 943 2584 uc

71 2626 190 2684 desidem
216 2633 241 2684 et
262 2625 335 2684 circo
361 2643 395 2683 uo
420 2624 537 2683 theatris
562 2631 723 2702 conmphmr
746 2624 885 2690 suildemr
912 2627 945 2684 hi

67 2741 248 2801 peregmnum
261 2730 286 2782 et
300 2731 440 2782 emmaum
460 2725 660 2796 increpabant.
682 2725 766 2782 simul
790 2724 941 2782 Othonem

71 2841 107 2882 ao
133 2823 300 2891 Vitellium,
323 2825 505 2880 celebrantes
531 2825 732 2896 culpantesve,
756 2797 940 2887 uberioribus

13 2929 59 2987 22
71 2921 147 2980 iuter
167 2940 198 2978 se
220 2923 329 2994 probris
343 2939 428 2996 quam
443 2921 573 2978 laudibus
587 2920 820 2978 stimulabautur.
863 2924 939 2980 Vix-

68 3021 136 3078 dum
156 3026 220 3078 orto
243 3021 300 3087 die,
325 3023 411 3092 plena
436 3019 691 3093 propugnatoribus
718 3021 855 3078 moenia:
876 3022 941 3080 'lul-

68 3123 171 3192 gentes
210 3119 309 3174 armis·
333 3117 458 3190 virisque
492 3117 595 3189 campi,
626 3119 747 3175 densum
788 3119 940 3192 legionum

69 3233 184 3289 agmen,
207 3233 305 3287 sparsa
329 3215 502 3270 auxiliorum
530 3233 643 3283 manus,
666 3215 771 3273 altiora
795 3234 942 3276 murorum

100 3368 173 3413 Vtrim
143 3368 301 3473 rmgsepudor.
314 3367 425 3424 utrimque
437 3366 520 3428 gloria]
551 3367 708 3416 Gloriaestlr.
721 3369 737 3416 l.
749 3369 939 3435 glurisecnpidc‚

67 3429 114 3470 uta
102 3427 161 3485 apud
193 3439 379 3472 mrueonemnon
365 3425 475 3469 n.noloeo
