2158 3820
94 194 162 244 ac.
179 198 218 244 ec.
334 191 404 240 urs.
421 189 479 238 xv.
531 189 607 240 cra.
624 171 792 242 ‹an-ar.
912 173 961 242 79
1059 275 1060 282 ἵ

90 347 204 424 posim
221 343 316 404 redire
341 345 459 404 classem
487 346 567 404 Nero
589 346 719 417 iusserat,
743 363 800 406 non
825 345 961 420 exceptis
1059 351 1060 410 l

95 447 177 504 mens
211 446 338 504 casibus.
392 445 471 518 Ergo
504 448 715 518 gubernatores,
741 447 872 521 quamvis
898 463 961 506 sae·

95 545 193 602 aiente
220 547 338 618 preiago,
366 561 384 600 a
405 543 532 600 Formiis
558 561 695 602 movere:
715 550 746 602 et
772 547 856 619 gravi
886 545 960 603 Airi-
1059 573 1060 590 κ

96 659 143 708 co,
168 644 239 700 duna
267 643 498 716 promontorium
532 641 642 700 Miseni
674 659 809 716 superare
842 649 961 704 conten·
1059 627 1060 666 i

97 743 177 808 dunt,
206 742 349 800 cumanis
387 740 529 798 littoribus
563 740 682 813 inpscli,
710 741 870 799 triremium
904 745 961 814 ple·

98 857 198 914 meque
219 851 250 898 et
273 841 385 898 minora
405 839 525 912 navigia
551 840 657 912 passim
678 839 842 898 amiserunt.
885 833 1011 898 utnsll

97 940 163 996 anni
208 941 364 1013 vulgantur
404 937 544 1010 prodigia,
577 937 782 998 inminentium
821 941 961 998 maiorum

96 1038 204 1096 nuntia.
246 1036 305 1093 Vis
323 1035 465 1110 iulgurum
492 1053 553 1092 non
576 1036 657 1093 aiiss‘
676 1039 804 1094 crebrior
824 1045 853 1095 et
878 1038 959 1098 sidus

96 1141 231 1200 cometes,
245 1135 387 1206 sanguine
405 1133 520 1190 inlustri
540 1151 654 1207 semper
668 1135 780 1194 Neroni
800 1136 959 1210 expiatum.

97 1235 240 1306 Bicipiies
257 1233 405 1290 hominum
426 1233 587 1288 aliorumve
609 1230 777 1288 animalium
801 1239 897 1304 partus
911 1234 960 1292 ab·

94 1333 163 1390 lecti
197 1331 228 1388 in
260 1331 416 1403 pubiicum,
442 1335 491 1393 aut
525 1329 556 1386 in
590 1329 749 1397 sacrificiis,
775 1331 878 1404 quibus
897 1347 960 1405 gra·

95 1431 177 1487 vidae
211 1429 321 1486 hostias
353 1429 494 1485 inmolare
528 1444 589 1484 mos
621 1433 679 1492 est,
703 1428 819 1500 reperii.
869 1429 908 1486 Et
927 1429 960 1486 in

93 1546 161 1604 agro
186 1529 377 1590 Placentino,
405 1525 484 1582 viam
509 1531 636 1598 propter,
663 1529 747 1582 natus
773 1525 891 1590 vitulus,
912 1525 963 1584 cui

94 1633 182 1700 caput
200 1627 232 1684 in
246 1643 329 1682 crure
349 1630 434 1682 esset.
478 1625 641 1696 Secutaque
669 1622 861 1692 Haruspicum
874 1623 962 1680 inier-

95 1725 239 1798 prelstio:
274 1724 387 1796 ‘parari
420 1739 513 1779 rerum
534 1723 721 1794 humanarum
747 1720 824 1778 aliud
851 1726 961 1795 caput:

94 1824 164 1880 ‘sed
180 1840 239 1880 non
254 1823 313 1878 iore
329 1821 465 1890 validum,
477 1839 569 1895 neque
583 1823 746 1889 occultum3
767 1821 835 1895 quin
854 1821 885 1878 in
900 1825 961 1878 ute·

93 1927 146 1978 ‘ro
175 1939 346 1994 repressum,
369 1926 419 1976 aut
439 1920 495 1978 iter
517 1919 600 1976 iuxta
621 1919 729 1978 editum
749 1917 805 1976 sit!
853 1921 1012 1988 ineuntis

94 2021 200 2077 deinde
226 2021 414 2076 Consulatum
441 2017 530 2076 Silius
552 2017 652 2076 Nerva
679 2024 710 2076 et
725 2017 842 2076 Atticus
862 2019 961 2078 Vesti-

96 2135 161 2182 nns,
181 2123 289 2191 coepta
314 2118 397 2174 simul
426 2121 457 2174 et
483 2123 569 2174 aucta
588 2116 797 2184 coniurations,
815 2117 847 2174 in
874 2135 961 2192 quam

98 2217 232 2274 certatim
246 2215 364 2272 nomina
377 2217 526 2284 dederant,
552 2217 722 2284 Senatores,
741 2214 847 2288 Eques,
867 2217 962 2282 miles,

92 2315 223 2372 feminae
250 2313 349 2380 eliam,
375 2329 441 2372 cum
468 2313 536 2372 odio
562 2313 697 2379 Neronis,
722 2319 782 2369 tum
809 2313 908 2368 lavore
928 2312 961 2370 in

97 2412 133 2470 G.
154 2413 302 2470 Pisonem.
344 2412 373 2467 is
404 2409 564 2484 Calpurnio
582 2427 689 2484 genere
716 2416 808 2474 ortus,
833 2425 868 2466 ac
891 2412 960 2467 mul·

95 2516 140 2580 tas
154 2511 341 2584 insignesque
355 2509 480 2568 familias
500 2499 621 2582 paterna
642 2507 796 2566 nobilitate
815 2510 961 2581 complex·

93 2627 137 2673 us.
164 2611 245 2666 oiaro
270 2609 345 2680 apud
369 2609 487 2680 vulgum
508 2623 620 2664 rumore
643 2612 714 2675 erat,
739 2623 791 2679 per
815 2607 960 2677 virtulem,

93 2713 144 2764 aut
164 2706 280 2778 species
302 2705 455 2762 virtutibus
482 2705 602 2762 similes.
642 2706 776 2780 Namque
795 2706 962 2767 facundiam

95 2805 213 2864 luendis
246 2803 361 2861 civibus
406 2806 572 2871 exercebat,
606 2803 788 2878 largitionem
821 2807 961 2864 adversus

92 2905 217 2967 amicos,
245 2910 275 2959 et
303 2901 410 2976 ignotis
435 2919 547 2976 quoque
573 2901 651 2958 comi
680 2919 811 2960 sermone
836 2910 865 2961 ei
893 2891 962 2962 con·

93 3019 204 3077 gressu.
249 3001 379 3058 Aderant
400 3000 488 3057 etiam
511 2999 636 3066 fortuita,
666 3017 769 3072 corpus
802 3019 962 3074 procerum,

94 3101 206 3157 decora
236 3096 335 3156 iacies.
387 3099 446 3155 Sed
481 3099 579 3172 procui
614 3097 742 3171 gravitas
773 3115 891 3175 morum,
911 3105 963 3156 aut

94 3200 280 3272 voluptatum
311 3195 503 3270 parsimoniae
538 3195 652 3254 lenitati
671 3213 706 3254 ac
727 3183 965 3268 magnificentiae

19 3391 20 3408 r
127 3370 195 3418 nus
206 3343 482 3429 armanalanam]
512 3369 597 3415 crosa
611 3366 746 3416 mmanarn
761 3371 827 3425 pona
837 3365 963 3416 mameae

97 3429 237 3477 ordinariam
246 3429 365 3477 stationem
376 3427 488 3488 babebat5
504 3428 538 3475 uti
549 3427 698 3476 Alexandrina
709 3423 814 3472 l'uteolir.
