2114 3830
109 189 181 260 372
404 207 656 258 nasuoamnrrs
833 207 962 258 aum.

110 371 237 424 ‘terrore
264 369 313 422 ant
341 363 488 438 promissis
514 365 716 420 demorentur.
767 361 869 427 Nobis,
887 377 964 433 super

110 471 207 522 ‘arma
220 469 251 522 et
269 463 348 521 viros
363 467 393 520 et
407 463 523 537 egregia
537 467 694 518 castrorum
709 462 896 526 munimenta,
916 459 965 516 ira·

108 569 256 622 ‘mentum
270 569 299 620 et
319 567 507 627 commeatus,
527 561 659 636 quamvis
680 563 769 634 longo
783 561 860 616 bello
882 575 962 631 pares.

65 688 70 696 =
109 662 260 720 ‘Pecunia
280 677 371 734 nuper
394 661 482 717 etiam
496 660 638 718 donativo
656 659 790 716 suffecit:
810 659 883 732 quod
907 656 965 713 siva

109 769 146 818 ‘a
166 759 362 834 Vespasiano,
381 759 445 816 rive
470 775 488 815 a
512 759 647 828 Vitellio,
669 760 768 814 datum
794 754 965 828 interpretari

110 859 276 925 ‘mavultis
297 861 334 916 ab
358 859 536 931 Imperatore
560 861 640 914 certe
654 857 788 913 Romano
806 854 963 928 accepistis.

109 958 191 1015 ‘'l'ot
213 959 352 1015 bellorum
374 957 510 1021 viatores,
534 957 610 1029 apud
625 955 798 1022 Geldubam,
820 957 893 1028 apud
915 953 966 1010 Ve-

111 1061 202 1121 ‘tera,
222 1056 285 1112 luso
312 1055 419 1112 totiens
447 1056 539 1122 boste,
569 1055 595 1110 si
616 1053 730 1127 pavetis
754 1053 860 1120 aoiem,
886 1052 966 1125 inurg-

111 1155 243 1213 ‘numid
258 1155 391 1229 quidem:
411 1155 463 1212 sed
483 1160 528 1210 est
541 1155 651 1210 vallum
672 1152 801 1227 murique
816 1157 847 1209 el
866 1151 966 1208 trabea

110 1253 158 1310 ‘di
172 1259 258 1320 artes,
282 1255 377 1311 donee
391 1271 409 1310 e
422 1252 562 1327 proximis
576 1251 737 1325 provinciis
757 1250 869 1308 auxilia
895 1267 966 1307 exer·

110 1353 261 1427 ‘altusque
281 1357 465 1410 aonourrsnt.
520 1351 599 1408 Sane
627 1367 683 1424 ego
707 1349 889 1423 displiceam.
908 1352 970 1405 suut

110 1451 182 1510 ‘alii
195 1450 310 1526 Legati,
331 1451 468 1519 Tribuni,
489 1449 630 1508 centurio
648 1449 785 1524 denique,
808 1454 860 1505 aut
886 1447 968 1505 miles.

111 1552 179 1616 ‘Ne
207 1552 264 1608 boo
292 1549 452 1625 prodigium
482 1554 543 1607 toto
573 1555 713 1606 terrarum
739 1550 809 1605 orbe
837 1549 971 1620 vulgetur,

111 1651 216 1709 ‘vobis
243 1649 428 1717 satellitibus,
459 1649 588 1707 Civilem
616 1652 646 1704 et
672 1647 837 1705 Classicum
865 1646 973 1704 ltaliam

112 1751 293 1808 ‘invasuros
337 1751 395 1817 Ao,
419 1748 445 1806 si
459 1749 495 1805 ad
510 1745 627 1804 moenia
640 1747 718 1803 urbis
733 1745 877 1804 Germani
890 1743 974 1802 Galli·
1040 1755 1041 1842 p

112 1856 186 1922 ‘que
201 1847 348 1916 duxerint,
362 1863 441 1905 arma
465 1846 576 1921 patriae
589 1842 746 1903 inferetis?
786 1845 895 1903 Horret
921 1843 976 1902 ani·
1040 1845 1041 1854 ’

113 1953 194 2005 ‘mus
228 1947 301 2004 tanti
336 1946 439 2021 flagitii
475 1944 614 2020 imagine.
675 1943 812 2003 Tutorin’
848 1945 977 2004 'l'revero

112 2050 256 2120 ‘agantur
275 2043 442 2103 excubiae?
483 2044 605 2120 Signum
625 2042 697 2099 belli
717 2045 850 2102 Batavus
877 2039 978 2101 dabit?

113 2145 344 2203 ‘Germanorum
378 2149 513 2201 catervas
546 2143 744 2220 supplebitis?
777 2143 841 2218 quis
875 2142 977 2200 deinde

112 2245 249 2304 ‘sceleris
268 2240 384 2301 exitus?
408 2260 474 2300 oum
490 2243 639 2301 Romanae
660 2246 790 2320 legiones
811 2249 914 2300 contra
939 2239 979 2298 tli-

114 2344 280 2402 ‘rexeriutr
306 2341 470 2416 transfugae
496 2361 514 2398 e
535 2333 697 2418 transfugis,
727 2349 758 2400 et
784 2341 979 2416 proditorese

113 2443 333 2517 ‘proditoribus,
363 2441 440 2499 inter
463 2458 565 2499 reeens
599 2447 734 2500 etvetus
768 2445 980 2498 sacramentum
1039 2495 1040 2520 ,

116 2542 225 2599 ‘invisi
247 2541 320 2612 Deis
340 2537 497 2598 errabitis?
538 2541 595 2608 Te,
624 2541 735 2614 lupiter
753 2539 865 2613 optime
892 2538 980 2598 maxi·
1039 2549 1040 2582 1

116 2648 190 2707 ‘me,
210 2657 294 2715 quem
316 2657 366 2712 per
387 2639 571 2714 octingentos
593 2640 700 2714 viginti
728 2656 829 2706 annos,
862 2642 907 2695 tot
936 2637 982 2694 tri·

117 2739 260 2813 ‘umpbia
272 2739 424 2803 coluimus,
446 2743 485 2804 te,
501 2738 630 2810 Quirine,
652 2739 802 2796 Romanae
822 2755 929 2812 pareus
942 2753 983 2794 ur·
1039 2745 1040 2816 t

117 2839 189 2904 ‘bis,
210 2853 311 2910 precor
323 2827 509 2912 venerorque,
529 2843 570 2904 ut,
590 2837 615 2893 si
638 2837 719 2894 vobis
740 2853 799 2894 non
819 2835 874 2894 luit
892 2833 981 2901 cordi,

117 2943 183 2994 ‘me
214 2937 299 2992 Duae
331 2937 404 2993 haec
434 2943 529 2993 castra
556 2935 728 3008 inconrupta
748 2939 779 2993 et
809 2935 982 2992 intemerata

16 3093 17 3098 χ
117 3037 256 3102 ‘servari,
286 3039 317 3092 at
346 3039 425 3091 uerte
456 3034 546 3108 pollui
575 3033 740 3108 foedarique
769 3051 787 3091 a
819 3033 933 3091 Tutore
952 3036 981 3088 et
1038 3049 1039 3058 ¹

32 3117 37 3127 ’
117 3133 270 3190 ‘classico
299 3149 337 3189 na
364 3132 475 3189 sinatis.
518 3132 662 3190 Militibus
691 3131 832 3190 Romanis
861 3118 916 3190 aut*
943 3131 981 3188 iu·

117 3232 303 3287 ‘nocentiam
329 3230 412 3297 detis,
443 3235 493 3286 aut
513 3236 652 3288 maturam
682 3236 713 3288 et
732 3230 797 3288 sine
818 3247 897 3288 noxa
917 3247 980 3304 poe·

65 3325 308 3404 59‘nitentiam.’
366 3327 458 3384 Varie
496 3334 623 3400 excepta
655 3330 757 3398 oratio,
790 3329 869 3388 inter
900 3343 980 3402 spem

53 3460 56 3468 ,
116 3431 280 3499 metumque
306 3441 342 3482 ao
363 3425 509 3498 pudorem.
570 3427 743 3502 Digressum
763 3429 921 3498 voratam,
954 3429 981 3483 et
