2114 3830
97 135 169 204 ³60
353 203 357 212 ,
392 157 641 204 ursronraavu
818 159 846 206 a.
865 157 894 206 v.
909 159 963 224 mr.

95 311 185 368 ‘Non
213 310 345 368 timemus
372 310 605 382 Vespasianum:
637 328 670 366 ea
697 309 845 383 Principis
870 317 961 376 aetas,

96 415 147 466 ‘ea
163 411 227 466 morl
248 410 330 466 ratio.
372 411 430 466 Sed
452 410 558 466 (liutius
578 411 680 466 durant
705 413 852 482 exernpla,
873 427 959 483 quam

96 515 217 565 ‘mores
272 509 470 581 Elanguirnus,
495 508 596 564 Patres
625 509 795 580 conscripti,
819 525 875 564 nec
902 509 960 586 iam

96 606 166 664 ‘itte
188 609 312 664 Senatus
335 624 440 672 sumus,
461 607 520 679 qui,
541 608 640 662 occiso
664 608 793 672 Nerone,
817 608 960 661 delatores

97 711 143 762 ‘et
169 706 312 762 ministros
344 722 421 762 more
449 705 587 762 maiorum
615 705 775 776 puniendos
803 704 960 778 flagitabat.

97 803 250 877 ‘Optimus
264 809 317 870 est,
342 810 404 874 prust
419 806 525 860 malum
555 804 729 874 Principem,
749 803 813 858 dies
833 802 958 875 primus.’

43 894 86 952 43
99 903 199 960 'l'anto
213 921 279 960 cum
293 904 416 960 adsensu
439 904 563 958 Senatus
587 903 700 958 nuditus
725 911 770 957 est
793 902 957 968 Montanus,

97 1009 127 1060 ul
152 1021 232 1076 spem
257 1009 374 1074 caperet
408 1001 571 1066 Helvidius,
611 1019 693 1074 posse
721 1002 810 1057 etiarn
837 1001 957 1058 Mancel-

97 1103 155 1158 lum
178 1101 327 1174 prosterni.
369 1100 460 1174 igitur
480 1118 497 1156 a
520 1102 603 1158 laude
637 1100 738 1157 Cluvii
774 1101 839 1157 Rufi
873 1118 958 1170 orsus,

96 1199 154 1272 qui,
182 1200 300 1271 perinde
320 1198 403 1255 dives
423 1204 452 1254 et
484 1198 649 1272 eloquentia
676 1201 781 1265 clarus,
802 1199 873 1255 nulli
901 1217 960 1256 um·

96 1314 181 1371 quam
214 1299 267 1354 sub
302 1297 420 1354 Nerone
444 1297 602 1370 periculum
630 1297 805 1363 lacessisset,
838 1299 958 1354 crimine

96 1395 180 1452 simul
223 1399 413 1469 exemploque
454 1395 575 1468 Eprium
617 1399 758 1468 urgebat:
793 1398 958 1452 ardentibus

97 1495 214 1554 Patrum
241 1495 354 1552 animis.
375 1495 449 1568 quod
471 1494 519 1550 ubi
552 1494 642 1550 sensit
678 1493 845 1560 Marcellus,
880 1499 959 1552 velut

97 1596 244 1652 excedens
267 1594 368 1652 curia:
399 1591 516 1658 ‘lmus'
546 1593 647 1668 inquit,
672 1593 800 1659 ‘Prisce
822 1600 850 1650 et
877 1596 961 1650 relin-

97 1695 225 1768 ‘quimus
239 1693 292 1749 tibi
308 1695 446 1750 Senatum
468 1699 568 1748 tuum:
589 1710 686 1764 regna,
708 1700 862 1764 praesente
888 1693 960 1750 Cae-
1045 1713 1046 1718 ¹

97 1792 200 1848 ‘sare'
240 1793 417 1865 Sequebatur
449 1791 555 1846 Vibius
583 1791 719 1862 Crispus:
753 1793 840 1846 ambo
870 1791 962 1848 inien-

96 1891 122 1948 si
143 1893 225 1947 vultu
244 1892 371 1949 diverso.
413 1889 571 1946 Marcellus
586 1887 746 1946 minacibus
767 1889 870 1955 oculis,
887 1891 962 1947 Cris·

96 2007 150 2062 pus
183 1989 334 2046 renidens:
367 1990 461 2044 donec
494 1990 615 2044 adcursu
650 1989 807 2045 amicorum
838 1992 961 2046 retrabe-

96 2095 202 2145 rentur.
244 2088 317 2146 Cum
341 2087 477 2160 glisceret
500 2093 658 2150 certamen,
685 2086 751 2143 binc
777 2088 861 2144 multi
884 2089 961 2145 boni·

79 2197 161 2261 'qun
180 2186 248 2243 inde
269 2186 354 2258 pauci
382 2191 410 2240 et
441 2185 540 2249 validi,
572 2185 767 2256 pertinacibus
797 2185 873 2242 odiis
902 2195 962 2244 ten-

43 2299 86 2356 44
97 2288 207 2349 darent,
230 2289 418 2354 consumptus
442 2300 492 2354 per
511 2283 684 2338 discordiam
709 2282 781 2338 dies.
823 2284 960 2342 Proximo
1043 2289 1044 2318 l

98 2385 219 2447 Senratu,
234 2383 390 2438 inchoante
414 2382 549 2444 Caesare,
563 2381 616 2435 ‘de
638 2381 781 2436 abolendo
794 2381 895 2438 dolore
910 2384 959 2438 ira-

96 2487 180 2554 ‘que,
199 2488 229 2538 et
252 2481 377 2552 priorum
400 2485 557 2549 temporum
581 2476 822 2543 necessitatibus‚'
847 2481 961 2536 censuit

96 2579 252 2636 Mucianus
275 2577 386 2650 prolixe
411 2593 460 2646 pro
474 2575 709 2630 adcusatoribus:
730 2577 813 2632 simul
830 2595 891 2642 eos,
911 2577 959 2650 qui

96 2685 239 2750 coeptam,
280 2676 347 2734 dein
369 2655 512 2742 omissam,
537 2673 683 2730 actionem
708 2681 881 2747 repeterent,
905 2693 960 2732 mo

126 2851 256 2910 Marcellus]
288 2851 333 2897 llic
343 2850 410 2894 bourn
419 2850 523 2910 eloquens
533 2847 610 2903 tnagis,
626 2863 691 2908 qrrern
701 2847 787 2906 sapiens
797 2853 837 2892 aut
846 2849 922 2900 bonus.
933 2865 959 2898 en
1041 2841 1042 2876 i

94 2911 117 2956 vi
132 2917 270 2954 comisatores
285 2923 361 2954 omues
380 2911 491 2977 repressit,
507 2915 546 2952 ant
563 2907 655 2963 reiecit3
681 2915 704 2952 et
721 2908 783 2951 sinrul
800 2907 958 2968 Vespasianum

93 2985 144 3015 mox
160 2983 220 3016 suurn
237 2968 294 3012 lecit.
327 2968 392 3016 ernd
408 2969 466 3012 rdrrn
483 2967 504 3011 in
521 2965 588 3010 Vibio
603 2966 690 3068 Cri-po.
727 2971 809 3010 ,luctor
826 2965 916 3025 Dialopi
931 2971 959 3014 de

94 3028 181 3073 (latiaris
197 3041 252 3070 corr·
263 3028 283 3068 el
317 3041 345 3069 .r
364 3029 377 3070 5
397 3026 576 3084 superlucere:
600 3023 649 3075 Qui
679 3025 846 3080 nliudirp‘rrlr‘r
861 3027 959 3079 petriam

93 3103 164 3143 nuper
185 3085 270 3140 Eprius
316 3085 416 3131 arcellus,
437 3099 502 3142 quum
522 3083 665 3140 eloquentiam
685 3098 747 3128 sunm
767 3084 885 3139 appossuit?
908 3100 958 3132 cum

92 3147 202 3191 crcinrtnr
222 3149 241 3186 et
261 3143 338 3186 minae
356 3143 460 3184 disertam
485 3142 579 3198 quidem,
605 3143 642 3186 red
667 3141 833 3187 inexercitatum
853 3143 960 3190 eiusmodi

93 3210 239 3249 certamnen
249 3205 269 3244 et
283 3200 368 3248 rodem
385 3199 489 3244 Heluidii
504 3199 632 3253 snpr'rntr'um
648 3202 720 3245 elusit.
755 3202 799 3245 laun
814 3206 837 3247 et
849 3203 877 3246 dr·
887 3205 959 3260 gratia

93 3265 150 3320 apud
164 3261 293 3316 Principem.
306 3257 384 3299 ibnlern
396 3259 423 3300 de
435 3258 478 3300 illis
489 3258 574 3302 duobus
585 3273 603 3302 r.
617 3260 638 3303 8.
672 3259 757 3305 Multos
766 3259 896 3311 r'omnnrror,
914 3297 935 3308 ..
952 3298 957 3308 .

91 3337 117 3364 ne
127 3323 193 3364 rum
208 3317 281 3360 tibuit.
298 3315 405 3368 principer
412 3315 471 3369 scri,
489 3329 551 3360 nunc
567 3316 679 3373 principes
694 3318 720 3364 in
735 3317 837 3366 casoro
850 3319 961 3382 amicitis,
1039 3353 1040 3372 ,

91 3372 389 3434 cgnntsrrualpuccunclu.
419 3371 481 3428 Lips,
513 3402 517 3410 .

162 3511 177 3536 f

160 3519 272 3618 isiae
299 3519 374 3616 osii
405 3535 492 3616 Muci
521 3569 620 3620 tmen
642 3539 689 3622 de
718 3521 815 3634 ingres
842 3507 1032 3633 oil'iafflm,

193 3671 268 3774 *5⁰7¹
291 3731 311 3770 ς’
328 3701 405 3782 2⁵⁸³-
432 3699 473 3772 Ἀ·
503 3699 566 3788 sis
603 3675 777 3788 'Quisnam
802 3681 888 3781 dubis
910 3656 1036 3788 *iffi
