2114 3830
94 197 225 246 nuru
321 193 390 241 ure.
418 195 463 242 ru.
514 195 592 242 oar.
618 171 786 243 75.-77.
888 177 961 246 387

94 350 197 408 ‘mani
212 350 289 408 vireu
302 350 508 407 obtererentur.
549 349 653 408 Gatton
675 352 743 426 quid
767 351 854 418 eliud,
876 369 961 426 quam
1046 389 1047 394 κ

93 451 252 523 ‘praedam
281 446 463 508 vietoritrue?
491 455 521 506 et
548 455 655 518 tamen,
682 452 758 525 qood
785 453 893 508 roboria
914 450 961 520 eit,

94 549 237 624 ‘Belgen
249 565 348 606 nerum
358 553 512 622 palamunt
523 547 696 607 retentare?
736 549 840 617 Tutor,
855 555 962 607 ‘eune
1047 539 1048 582 ³

95 649 227 706 ‘tutione
241 665 374 705 creauere
384 649 445 706 reni
460 649 631 712 Romanam,
645 649 822 716 adfirmabat,
837 658 962 706 ‘eoeurr

95 747 196 803 ‘tibus
210 747 336 821 undique
356 745 545 804 exercitibus.
587 747 803 804 'l'raneveotem
817 765 834 802 e
848 747 964 804 Britan·
1048 727 1049 774 ³

95 842 166 900 ‘nin
181 843 345 916 legionem:
365 842 476 900 eunitae
500 861 538 900 ex
561 843 719 915 Hispania:
740 845 900 900 adventare
925 860 964 900 ex

97 942 227 1001 ‘ltalinz
249 959 305 998 neu
332 941 611 1010 nubitumnrititem,
635 944 687 999 red
713 947 842 1000 veterem
864 959 966 1016 exper-
1049 956 1050 960 ’

91 1045 101 1078 ‘
113 1047 231 1116 tumque
247 1041 326 1098 betti.
370 1041 399 1096 N
402 1057 449 1098 am
464 1041 637 1107 Germanos,
652 1041 701 1115 qui
714 1043 752 1098 ab
765 1041 836 1114 inuio
848 1059 965 1115 operen-

96 1146 172 1207 ‘tun
194 1157 252 1200 non
276 1139 377 1204 iuberi,
398 1156 457 1196 nou
478 1139 547 1211 regi,
570 1141 620 1196 aed
645 1145 752 1196 onnota
776 1159 814 1197 ex
841 1140 965 1198 libidine

97 1245 228 1313 ‘agerer
249 1237 457 1311 pecuniamque
468 1253 504 1294 ao
516 1238 603 1304 donn,
616 1237 679 1311 qnia
693 1239 764 1295 eolie
783 1255 965 1313 eorrumpau·

97 1344 179 1402 ‘turs
202 1337 310 1394 maiora
334 1339 410 1410 opud
433 1337 589 1402 Romanos,
606 1341 641 1393 et
667 1339 813 1394 nemiuem
840 1340 914 1395 adeo
933 1338 966 1396 iu

99 1441 202 1494 ‘erma
216 1453 344 1508 pronum,
359 1443 390 1491 ut
416 1453 474 1491 non
498 1435 576 1491 idern
601 1435 722 1506 pretium
747 1435 860 1509 quietio,
880 1451 966 1511 quarn

100 1535 255 1610 ‘perieuli
270 1535 360 1591 malit.
381 1535 456 1608 qnod
471 1534 495 1590 ri
509 1529 607 1590 statim
621 1535 853 1607 congrediantur,
872 1537 968 1591 nullae

100 1637 187 1702 ‘ease
202 1634 320 1701 Ceriali,
336 1634 443 1690 nisiex
468 1632 595 1706 reliquiis
620 1631 790 1688 Germanioi
812 1631 969 1700 exercitus,

101 1735 263 1808 ‘legionen
286 1733 448 1790 foederibus
477 1733 639 1790 Galliarum
662 1731 824 1788 obstrictae.
876 1732 968 1805 idque

102 1835 228 1909 ‘ipsum
253 1835 327 1907 quod
351 1832 531 1888 inconditam
555 1847 646 1902 nuper
670 1829 826 1887 Valentini
851 1845 969 1887 monum

103 1939 316 2003 ‘eontrneperu
330 1947 412 1988 roam
426 1929 560 1996 fuderint,
574 1927 743 1986 alimentum
758 1929 817 1986 illie
832 1930 969 2005 Dueique

102 2031 310 2090 ‘temeritatia
349 2032 480 2087 Aneuroe
489 2045 586 2085 rnreue
606 2035 798 2102 venturosque
812 2029 843 2085 in
857 2045 971 2093 manue,

104 2139 185 2190 ‘non
200 2129 317 2202 inperiti
331 2127 548 2194 adnleseentuti,
564 2129 652 2182 verba
665 2131 694 2182 et
705 2126 872 2192 conciones,
883 2141 971 2199 quam

104 2232 232 2288 ‘terrum
246 2235 276 2286 et
290 2245 378 2293 arma,
393 2225 569 2291 meditantia,
592 2226 643 2281 sed
659 2224 765 2281 Civilia
780 2229 809 2279 et
824 2222 967 2279 Classici:

103 2338 194 2405 ‘quoe
209 2329 256 2384 ubi
271 2327 467 2399 adstruxerint,
482 2324 639 2380 redituram
660 2323 690 2378 in
711 2322 825 2378 animoa¹
844 2322 969 2379 tormidi-

104 2437 203 2494 ‘nem‚
217 2426 322 2500 lugam,
336 2424 506 2496 famemque,
515 2439 550 2478 ao
565 2422 672 2477 totieuu
684 2421 778 2494 nuptie
792 2420 969 2492 praecariam

105 2523 498 2605 ‘uitam‚neque'1'reveroe
525 2528 574 2577 aut
590 2520 738 2592 Lingonas
763 2519 971 2576 benevolentia

106 2634 117 2666 t
129 2624 274 2682 contineri
287 2643 296 2678 :-
316 2627 506 2694 resumpturos
518 2637 605 2682 arma,
618 2619 667 2674 uni
677 2627 769 2674 metus
780 2614 973 2674 abseesserit?

110 2725 239 2784 Diremit
266 2721 451 2778 conuitiorum
478 2719 687 2782 diversitatem,
720 2718 876 2788 adprobata
912 2715 973 2772 'Pu-

110 2822 181 2882 toria
209 2820 364 2885 sententia,
392 2817 558 2875 Clausieue:
593 2817 745 2890 statimque
769 2821 972 2889 exsequuntur.

110 2921 213 2980 Media
244 2917 322 2974 anien
357 2915 706 2990 Vbiis‘Lingonibusque
739 2915 828 2970 deta:
870 2917 1023 2984 dextron

24 3001 31 3012 ¹
111 3037 202 3078 oornu
223 3018 357 3074 cobortes
381 3017 575 3072 Batavorum:
596 3013 715 3070 sinistro
728 3014 861 3070 Bructeri
876 3013 974 3069 'Pene-

113 3117 232 3190 terique.
255 3133 319 3188 pare
332 3116 485 3175 montibus,
500 3113 559 3180 alii,
575 3114 653 3170 viam
666 3113 742 3170 iuter
765 3112 975 3182 Mosellamque

113 3217 230 3280 flumen,
259 3222 317 3270 tarn
340 3213 481 3286 inprovisi
507 3212 657 3276 adsiluere,
678 3216 709 3266 nt
734 3211 764 3266 in
785 3209 919 3264 colliculo
939 3223 977 3262 ne

18 3335 20 3342 ¹
112 3317 222 3374 lentulo
237 3295 359 3369 Cerialis
374 3310 480 3388 (neque
495 3312 573 3366 enim
585 3317 698 3366 noctem
710 3307 739 3362 in
751 3305 852 3361 castris
864 3303 977 3380 egerat)

113 3413 237 3492 pugnari
269 3411 354 3468 aimul
390 3410 525 3488 vincique
559 3427 624 3467 euna
657 3404 788 3471 autlierit,
822 3403 978 3476 inerepaua
