2114 3830
62 189 94 233 a.
113 183 146 232 o.
166 187 205 232 rr.
295 165 739 232 crc.1v.cnr.52.53.
873 163 945 232 367

65 337 170 396 adhuc
186 337 260 396 mari
274 339 438 396 committit.
482 337 947 411 Quippetantodiscrimineurbs
1008 317 1012 328 ’

65 440 208 505 nutabat,
232 443 263 495 ut
276 438 379 495 decem
405 438 481 495 haud
506 437 628 510 amplius
648 437 760 494 dierum
774 437 947 494 trumentum

64 536 99 593 in
116 535 233 592 horreis
246 535 341 599 tuerit,
352 552 450 593 cuma
475 535 660 608 Vespasiano
684 541 862 592 commeatus
882 537 946 592 sub·

67 653 198 692 venere.
239 635 346 692 Curam
375 634 547 692 restituendi
577 634 709 708 capitolii
735 635 765 691 in
795 635 829 692 L.
852 632 999 696 Veni-58

64 750 143 791 num
171 733 294 800 conten,
322 733 471 807 Equestris
497 734 607 792 ordinis
637 733 737 802 virum,
767 735 818 790 sed
849 742 946 792 aucto·

64 832 162 889 ritate
176 831 309 905 famaque
323 830 399 888 inter
411 849 552 904 proceres.
596 832 644 890 Ab
664 850 701 888 eo
720 832 864 889 contracti
887 833 945 890 Ha·

65 930 205 1000 ruspices
220 947 365 996 monuere,
379 937 388 962 ‘
408 935 438 987 ut
457 929 596 1004 reliquiae
611 930 711 1003 prioris
725 930 837 1002 delubri
850 931 881 987 in
897 947 944 1002 pa·

65 1030 179 1086 ‘ludes
194 1029 404 1084 aveherentur:
426 1032 564 1100 tempium
588 1029 690 1086 iisdem
708 1029 841 1103 vestigiis
862 1029 944 1087 siste-

66 1133 180 1184 ‘retun
198 1128 275 1183 nolle
292 1129 381 1194 Deos,
396 1128 499 1184 mutari
516 1112 644 1185 veterem
664 1127 803 1186 tormam.’
843 1128 944 1186 Vnde·

69 1226 156 1284 cinno
172 1226 238 1281 Kal.
265 1225 363 1290 Iulias,
385 1244 487 1282 serena
515 1229 590 1290 luce,
605 1226 729 1296 spatium
750 1245 847 1294 omne,
866 1227 944 1302 quod

69 1327 188 1396 templo
208 1324 366 1391 dicabatur,
385 1325 535 1382 evinctum
557 1325 638 1382 vittis
671 1328 852 1399 coronisque.
895 1327 943 1384 lu·

70 1423 168 1498 gressi
190 1423 307 1486 milites,
335 1423 397 1496 quis
417 1423 509 1481 fausta
537 1425 663 1492 nomina,
693 1424 825 1480 feticibus
847 1425 943 1480 ramis.

68 1522 144 1580 dein
162 1521 290 1594 virgines
306 1521 452 1587 Vestales,
473 1524 539 1580 cum
555 1523 649 1594 pueris
675 1521 833 1596 puellisque
859 1521 943 1594 patri·

68 1622 129 1679 mis
144 1620 351 1692 matrimisque,
371 1639 454 1694 aqua,
470 1621 578 1678 virise
602 1621 729 1678 tontibus
753 1620 943 1693 amnibusque

69 1722 189 1783 hausta,
226 1722 365 1790 perluere.
408 1719 486 1778 'Pum
522 1719 678 1777 Helvidius
706 1719 829 1782 Priscus,
858 1719 942 1776 Prae·

71 1823 129 1885 tor,
158 1824 313 1890 praeeunte
339 1819 454 1876 Plautio
482 1818 616 1884 Aeliano,
648 1819 799 1886 Pontifice‚
823 1821 943 1877 lustrata

73 1917 321 1975 suovetaurilibus
335 1935 401 1973 area
415 1924 445 1973 et
469 1935 554 1989 super
567 1919 708 1991 cespitem
723 1918 842 1976 redditis
856 1917 944 1986 extis,

73 2017 211 2082 ‘Iovem
233 2017 383 2082 lunonem,
409 2015 585 2082 Minervam,
602 2018 803 2092 praesidesque
826 2016 944 2090 imperii

74 2112 191 2172 ‘Deos'
214 2121 356 2187 precatus,
371 2115 428 2172 ‘uti
443 2121 547 2188 coepta
569 2125 780 2188 prosperarent,
800 2119 941 2190 sedesque

74 2222 175 2280 ‘suaa
205 2213 313 2286 pietate
338 2214 485 2270 hominum
507 2215 669 2280 inchoatas,
683 2215 796 2271 Divina
819 2232 875 2287 ope
895 2214 944 2270 ad·

73 2316 233 2372 ‘tollerent
243 2311 261 2368 :'
283 2313 381 2380 vittas,
402 2313 464 2388 quis
487 2313 591 2387 ligatus
616 2312 698 2386 lapis,
722 2312 883 2385 innexique
903 2311 943 2369 fu·

103 2487 281 2544 er's'brusnusto
299 2486 399 2548 nomina]
432 2486 493 2542 Non,
513 2486 595 2540 omino,
616 2490 641 2532 ut
661 2487 736 2544 vulgo.
769 2486 892 2532 Vaticanus
909 2484 942 2531 ita

74 2547 139 2595 iubet
158 2551 182 2590 et
200 2559 247 2591 mos
267 2545 378 2604 religionis
402 2547 494 2606 priseae.
520 2546 598 2604 quibus
620 2559 713 2602 magnae
729 2560 803 2604 curae,
823 2553 847 2591 ut
866 2545 889 2590 io
909 2545 943 2590 tris

73 2605 158 2653 tatibus
176 2604 244 2650 initiis
263 2605 363 2650 homines
378 2611 505 2665 pmeessent
524 2605 583 2650 bono
599 2605 693 2651 nomine.
713 2605 736 2650 id
754 2610 801 2650 est:
822 2617 943 2666 equorum

73 2663 202 2712 nominiinrs
221 2663 306 2723 captari
325 2664 386 2709 velut
405 2663 521 2722 augrrrium
542 2663 631 2723 aliquod
652 2671 725 2724 posset
744 2663 897 2734 prosperitatis
917 2665 943 2707 et

72 2721 236 2770 diuturnitatis.
269 2721 337 2768 Talia
350 2727 400 2768 sorrt
416 2721 512 2774 Salvius,
530 2722 650 2780 Innginus,
666 2723 785 2777 Statorius,
800 2727 843 2767 ete.
876 2721 943 2767 Mala

74 2791 164 2888 (ἕψω,
174 2780 276 2884 ᾓὲἓῑίξῖᾳε
286 2781 353 2884 tristce
359 2780 583 2885 “nqugd'gpquuf'
593 2781 704 2886 pperebut
712 2781 810 2884 Cprtius,
819 2779 942 2885 lioiioueiqq,

97 2855 166 2892 unus,
237 2855 294 2885 rrrrs.
347 2855 406 2884 icero
431 2855 444 2884 e
475 2854 552 2886 rvrua.
576 2873 582 2892 ,
623 2874 628 2885 .
672 2854 719 2885 um
780 2856 817 2886 eru
839 2854 913 2886 recor
935 2863 944 2873 ·

75 2906 132 2956 turn,
148 2899 232 2944 Cursor
247 2899 359 2954 pometum,
375 2900 490 2952 lustraret,
507 2899 569 2944 donia
582 2899 716 2950 omninibus,
732 2855 779 2958 piis?
785 2899 864 2946 Malim
878 2899 943 2944 dure·

75 2963 134 3013 rent,
155 2957 310 3012 eligebantur:
334 2957 391 3016 qrsod
408 2957 468 3002 idem
491 2957 518 3002 r'n
542 2957 629 3003 delectu
653 2958 758 3004 Curantes
776 2959 897 3008 obstruant,
917 2960 944 3003 ut

73 3017 163 3074 primus
172 3015 289 3069 milrafint
303 3017 357 3062 dono
371 3017 466 3062 nomine.
500 3015 658 3068 Plinnena.
670 3017 713 3074 (5).
744 3017 847 3063 Publicia
865 3015 943 3062 lustris

77 3077 142 3123 uiam
152 3074 243 3120 nomina
251 3074 350 3121 narinus
359 3075 488 3122 ducentium
501 3089 601 3132 prospera
612 3076 721 3132 eligimau.

108 3156 172 3213 Aqua
181 3153 295 3256 pertuerqq
324 3153 413 3199 Solenui
424 3158 447 3198 et
457 3154 540 3199 usitata
549 3154 688 3207 lustratione,
698 3153 786 3224 publice
795 3151 944 3212 privatimque

76 3219 175 3273 recepta.
208 3212 278 3258 Tertu
299 3212 536 3272 iaurrsdeBapt.c.d.
567 3213 670 3259 Celerum
680 3213 752 3265 urus,
767 3211 943 3265 domoatemplo,

76 3282 170 3329 totasque
180 3271 246 3317 urbes
255 3272 368 3328 aspergine
384 3272 526 3318 circumlatae
542 3286 610 3330 aqune
624 3271 714 3326 cupiant
727 3270 811 3325 possim.
844 3268 902 3313 Huic
911 3267 944 3311 rei

76 3341 100 3383 et
110 3348 269 3400 usgaggsrrngre
286 3345 337 3374 vasa
351 3331 373 3376 in
388 3330 485 3390 templis,
495 3345 553 3390 aqua
572 3329 656 3376 lustrali
674 3331 748 3386 plene,
759 3343 802 3388 qua
812 3327 943 3373 Sacerdotes

75 3405 116 3445 aut
125 3396 210 3444 aeditui
220 3397 328 3442 intrantes
337 3400 488 3457 aspergerent,
503 3402 542 3441 aut
552 3393 619 3440 etiam
630 3391 672 3452 ipsi
681 3405 735 3438 sese.
