2100 3816
82 197 205 250 noae.
308 199 379 248 aaa.
405 201 429 248 ι.
479 201 558 249 ena.
588 185 752 250 lib-ld.
879 179 948 250 tat

82 357 134 418 tes,
155 349 232 410 cirea
246 353 401 410 consiliam
421 354 551 426 eligendi
565 356 740 412 successoris
755 355 784 411 in
799 354 870 412 duas
891 355 949 415 iac·

86 451 180 508 tiones
203 452 418 510 scindebantur.
461 451 569 509 Vinius
595 470 647 524 pro
676 453 717 510 Μ.
740 453 871 510 Othone:
892 455 949 512 La·

86 565 123 606 co
143 555 225 624 atque
240 551 337 606 lcelns
352 565 495 616 consensu
510 567 568 607 aon
589 557 648 608 tam
670 569 757 608 anam
771 551 895 625 aliquem
909 551 949 608 lo·

86 649 202 716 rebant,
221 665 308 722 qnam
335 649 433 706 aliam.
496 649 600 723 Neque
620 657 681 706 erat
709 651 823 706 Galbae
850 641 970 722 ignota'

86 747 208 804 iltbonis
228 765 264 804 ac
293 749 334 804 Τ.
355 749 440 806 Vinii
467 747 619 818 amicitia;
647 754 677 804 et
697 747 856 804 rumoribus
876 747 950 804 niltll

85 845 199 903 silentio
232 847 501 912 transmittentium,
530 844 611 920 (quta
636 845 729 904 Vinio
763 847 850 902 vidua
880 843 949 914 utta,

86 947 197 1001 caelebs
211 942 306 1018 Olba)
320 962 410 1018 gener
433 961 469 1002 ac
489 961 573 1001 sacer
586 945 811 1000 destinabantur.
853 944 950 1001 credo

88 1046 117 1099 et
137 1043 216 1115 lisia.
237 1059 336 1100 curam
350 1043 471 1108 subisse,
484 1042 588 1098 trustra
608 1061 626 1098 a
647 1043 765 1098 Nerone
783 1043 949 1108 translatae,

87 1140 111 1197 si
124 1143 194 1214 apud
208 1142 358 1200 Othonem
379 1141 595 1214 relinqueretur.
636 1141 769 1212 Namque
791 1141 870 1198 Otho
883 1157 950 1212 pue·

87 1240 177 1298 ritiam
203 1242 371 1308 incuriose,
390 1241 618 1297 adolescentiam
645 1243 808 1312 petulanter
832 1244 948 1314 egerat3

87 1345 177 1411 gratas
200 1338 313 1397 Neroni
336 1339 531 1396 aemulatione
556 1341 649 1396 laxas.
670 1355 762 1412 eoque
790 1339 848 1396 iam
876 1339 950 1411 Pop·

88 1453 185 1509 paeam
214 1433 365 1503 Sabinam,
386 1437 547 1510 principale
566 1442 701 1503 scortum,
728 1444 760 1494 at
779 1440 855 1510 apud
882 1454 951 1494 con·

89 1536 175 1592 sciam
196 1536 359 1601 libidinum,
379 1537 560 1609 deposuerat,
578 1538 674 1594 donec
698 1535 855 1594 Octaviam
881 1551 950 1592 uxo·

88 1650 146 1690 rem
158 1637 343 1692 amoliretur:
367 1651 434 1692 mox
448 1639 613 1706 saumatam
633 1635 665 1690 in
686 1633 789 1690 eadem
815 1633 951 1706 Poppaea

88 1730 118 1788 iu
138 1733 319 1805 provinciam
343 1731 531 1797 Lusitaniam,
555 1733 654 1804 specie
678 1731 841 1806 legationis,
868 1748 950 1804 sepo

88 1830 149 1886 sait.
210 1831 299 1898 Otho,
325 1830 447 1887 comiter
473 1830 673 1887 administrata
706 1829 867 1904 provincia,
895 1829 951 1904 pri·

89 1943 147 1984 mus
168 1929 202 1986 in
223 1937 319 2001 partes
346 1933 547 2002 transgressas,
575 1947 631 1986 nec
654 1931 761 2004 segnis,
788 1935 828 1998 et,
855 1929 950 1988 donec

89 2027 192 2084 bellam
217 2028 280 2092 luit,
308 2027 385 2084 inter
412 2033 577 2099 praesentes
590 2028 848 2101 splendidissimae,
869 2043 950 2100 spem

90 2126 259 2200 adoptionis,
273 2125 372 2183 statim
394 2132 576 2199 conceptam,
603 2125 696 2183 acrius
721 2127 750 2184 in
775 2125 838 2183 dies
860 2125 951 2198 repie-

91 2224 153 2282 bat:
186 2225 354 2282 laventibus
383 2227 525 2299 plerisque
552 2223 684 2290 militum,
713 2241 801 2297 prona
829 2223 861 2280 in
885 2237 950 2278 eam

90 2325 151 2380 aala
180 2323 319 2388 Neronis,
346 2328 377 2380 nt
399 2323 534 2380 similem.
576 2323 636 2380 Sed
660 2323 766 2388 Galba,
793 2327 857 2393 post
881 2317 1005 2376 nan-14

88 2421 140 2478 tias
164 2420 364 2478 Germanicae
387 2421 547 2488 seditionis,
571 2437 741 2495 quamquam
764 2419 836 2476 nibil
857 2419 952 2474 adbuc

88 2519 122 2576 de
136 2519 399 2582 Vitelliocertum,
424 2519 527 2576 anxias
548 2535 672 2593 quonam
699 2517 879 2576 exercituum
906 2517 952 2574 vis

88 2622 259 2690 erumperet,
282 2635 319 2674 ne
343 2620 453 2674 urbano
476 2618 591 2690 quidem
614 2617 700 2673 militi
721 2616 854 2684 conlisus,
877 2617 952 2690 quod

88 2716 246 2773 remedium
271 2716 390 2772 unicam
414 2716 536 2781 rebatur,
563 2715 684 2772 comitia
708 2714 827 2786 Imperii
851 2715 953 2772 transi·

87 2815 144 2889 git:
174 2813 373 2888 adhibitoque,
396 2831 482 2887 supet·
502 2813 626 2870 Vinium
650 2831 685 2870 ac
709 2814 867 2881 Laconem,
891 2814 954 2871 Ma·

87 2912 130 2969 rio
152 2913 253 2979 Celso,
277 2913 405 2970 Consule
429 2911 592 2985 designato,
617 2929 652 2968 ac
672 2912 830 2969 Ducennio
855 2911 955 2970 Gemi-

88 3027 136 3075 no,
152 3011 307 3067 Praeiecto
328 3011 413 3074 urbia,
434 3027 525 3083 pauca
550 3010 692 3082 praelatus
716 3007 748 3066 de
767 3027 820 3067 aaa
835 3017 956 3068 senecta·

86 3115 122 3176 tc,
143 3108 278 3166 Pisonem
303 3105 484 3166 Licinianum
507 3106 612 3165 marsei
638 3107 733 3177 iubet;
763 3127 814 3166 seu
844 3111 957 3184 propria

89 3209 248 3275 electione,
287 3207 361 3275 sive,
396 3213 428 3264 at
461 3207 576 3280 quidam
606 3205 798 3275 crediderunt,
834 3209 954 3266 Lacone

89 3307 228 3373 instante,
242 3305 291 3363 cni
302 3307 380 3378 apud
403 3305 569 3362 Rubellium
591 3305 723 3363 Plantam
745 3305 875 3362 exercita
889 3321 980 3366 cam.

90 3405 198 3463 Pisone
224 3404 374 3463 amicitia:
394 3405 447 3462 sed
470 3403 584 3470 callide,
605 3408 637 3462 ut
658 3401 798 3476 ignotam,
820 3403 956 3470 larebat3

131 3522 204 3564 vora.
226 3521 264 3562 ιι.
542 3497 607 3557 12*
