<?xml version="1.0" encoding="UTF-8"?>
<!DOCTYPE html PUBLIC "-//W3C//DTD XHTML 1.0 Transitional//EN"
    "http://www.w3.org/TR/xhtml1/DTD/xhtml1-transitional.dtd">
<html xmlns="http://www.w3.org/1999/xhtml" xml:lang="en" lang="en">
 <head>
  <title>
</title>
<meta http-equiv="Content-Type" content="text/html;charset=utf-8" />
  <meta name='ocr-system' content='tesseract 3.04.00' />
  <meta name='ocr-capabilities' content='ocr_page ocr_carea ocr_par ocr_line ocrx_word'/>
</head>
<body>
  <div class='ocr_page' id='page_1' title='image "./operaexrecensio02tacigoog_0281.png"; bbox 0 0 2100 3834; ppageno 0'>
   <div class='ocr_carea' id='block_1_1' title="bbox 94 163 953 238">
    <p class='ocr_par' dir='ltr' id='par_1_1' title="bbox 94 163 953 238">
     <span class='ocr_line' id='line_1_1' title="bbox 94 163 953 238; baseline 0.007 -6"><span class='ocrx_word' id='word_1_1' title='bbox 94 163 168 234; x_wconf 79' lang='lat'><strong>268</strong></span> <span class='ocrx_word' id='word_1_2' title='bbox 417 185 669 234; x_wconf 76' lang='lat' dir='ltr'><strong>ursuorusravm</strong></span> <span class='ocrx_word' id='word_1_3' title='bbox 815 191 846 236; x_wconf 68' lang='lat' dir='ltr'><strong>s</strong></span> <span class='ocrx_word' id='word_1_4' title='bbox 861 190 890 238; x_wconf 91' lang='lat' dir='ltr'><strong>v.</strong></span> <span class='ocrx_word' id='word_1_5' title='bbox 903 193 953 238; x_wconf 80' lang='lat' dir='ltr'><strong>sss.</strong></span> 
     </span>
    </p>
   </div>
   <div class='ocr_carea' id='block_1_2' title="bbox 94 338 960 1793">
    <p class='ocr_par' dir='ltr' id='par_1_2' title="bbox 94 338 960 1793">
     <span class='ocr_line' id='line_1_2' title="bbox 94 338 955 414; baseline 0.005 -18"><span class='ocrx_word' id='word_1_6' title='bbox 94 339 160 412; x_wconf 89' lang='lat' dir='ltr'><strong>‘pis</strong></span> <span class='ocrx_word' id='word_1_7' title='bbox 170 339 206 396; x_wconf 87' lang='lat' dir='ltr'><strong>ad</strong></span> <span class='ocrx_word' id='word_1_8' title='bbox 219 355 344 414; x_wconf 71' lang='lat' dir='ltr'><strong>pugna·</strong></span> <span class='ocrx_word' id='word_1_9' title='bbox 358 338 600 414; x_wconf 86' lang='lat' dir='ltr'><strong>equestrem,’qna</strong></span> <span class='ocrx_word' id='word_1_10' title='bbox 616 341 825 414; x_wconf 79' lang='lat' dir='ltr'><strong>praevalebant</strong></span> <span class='ocrx_word' id='word_1_11' title='bbox 839 361 845 398; x_wconf 75' lang='grc' dir='ltr'><strong><em>ε</em></strong></span> <span class='ocrx_word' id='word_1_12' title='bbox 865 342 955 410; x_wconf 89' lang='lat' dir='ltr'><strong>simul,</strong></span> 
     </span>
     <span class='ocr_line' id='line_1_3' title="bbox 94 438 954 512; baseline 0.005 -18"><span class='ocrx_word' id='word_1_13' title='bbox 94 438 258 496; x_wconf 88' lang='lat' dir='ltr'><strong>‘coloniam</strong></span> <span class='ocrx_word' id='word_1_14' title='bbox 285 438 378 512; x_wconf 88' lang='lat' dir='ltr'><strong>copiis</strong></span> <span class='ocrx_word' id='word_1_15' title='bbox 404 440 531 501; x_wconf 80' lang='lat' dir='ltr'><strong>validam</strong></span> <span class='ocrx_word' id='word_1_16' title='bbox 554 439 665 496; x_wconf 79' lang='lat' dir='ltr'><strong>auferre</strong></span> <span class='ocrx_word' id='word_1_17' title='bbox 693 440 829 506; x_wconf 88' lang='lat' dir='ltr'><strong>Vitellio,</strong></span> <span class='ocrx_word' id='word_1_18' title='bbox 844 440 874 497; x_wconf 89' lang='lat' dir='ltr'><strong>in</strong></span> <span class='ocrx_word' id='word_1_19' title='bbox 897 457 954 498; x_wconf 89' lang='lat' dir='ltr'><strong>rem</strong></span> 
     </span>
     <span class='ocr_line' id='line_1_4' title="bbox 94 535 956 612; baseline 0.003 -20"><span class='ocrx_word' id='word_1_20' title='bbox 94 535 289 612; x_wconf 77' lang='lat' dir='ltr'><strong>‘famamque’</strong></span> <span class='ocrx_word' id='word_1_21' title='bbox 310 537 472 594; x_wconf 86' lang='lat' dir='ltr'><strong>videbatur.</strong></span> <span class='ocrx_word' id='word_1_22' title='bbox 514 537 651 594; x_wconf 86' lang='lat' dir='ltr'><strong>Possessa</strong></span> <span class='ocrx_word' id='word_1_23' title='bbox 676 538 741 610; x_wconf 93' lang='lat' dir='ltr'><strong>ipso</strong></span> <span class='ocrx_word' id='word_1_24' title='bbox 765 538 886 594; x_wconf 87' lang='lat' dir='ltr'><strong>transitu</strong></span> <span class='ocrx_word' id='word_1_25' title='bbox 906 539 956 596; x_wconf 84' lang='lat' dir='ltr'><strong>vi-</strong></span> 
     </span>
     <span class='ocr_line' id='line_1_5' title="bbox 94 634 958 712; baseline 0.002 -20"><span class='ocrx_word' id='word_1_26' title='bbox 94 637 191 696; x_wconf 85' lang='lat' dir='ltr'><strong>cetia:</strong></span> <span class='ocrx_word' id='word_1_27' title='bbox 212 636 286 710; x_wconf 88' lang='lat' dir='ltr'><strong>quod</strong></span> <span class='ocrx_word' id='word_1_28' title='bbox 301 653 351 708; x_wconf 91' lang='lat' dir='ltr'><strong>per</strong></span> <span class='ocrx_word' id='word_1_29' title='bbox 372 653 403 692; x_wconf 90' lang='lat' dir='ltr'><strong>se</strong></span> <span class='ocrx_word' id='word_1_30' title='bbox 418 651 517 708; x_wconf 86' lang='lat' dir='ltr'><strong>parurn</strong></span> <span class='ocrx_word' id='word_1_31' title='bbox 531 634 655 712; x_wconf 88' lang='lat' dir='ltr'><strong>(etenim</strong></span> <span class='ocrx_word' id='word_1_32' title='bbox 679 637 812 693; x_wconf 83' lang='lat' dir='ltr'><strong>modicae</strong></span> <span class='ocrx_word' id='word_1_33' title='bbox 841 636 958 694; x_wconf 90' lang='lat' dir='ltr'><strong>munici-</strong></span> 
     </span>
     <span class='ocr_line' id='line_1_6' title="bbox 94 728 958 810; baseline 0.001 -19"><span class='ocrx_word' id='word_1_34' title='bbox 94 735 145 808; x_wconf 91' lang='lat' dir='ltr'><strong>pio</strong></span> <span class='ocrx_word' id='word_1_35' title='bbox 173 732 263 810; x_wconf 87' lang='lat' dir='ltr'><strong>vires)</strong></span> <span class='ocrx_word' id='word_1_36' title='bbox 277 733 375 808; x_wconf 80' lang='lat' dir='ltr'><strong>magni</strong></span> <span class='ocrx_word' id='word_1_37' title='bbox 402 734 543 791; x_wconf 80' lang='lat' dir='ltr'><strong>momenti</strong></span> <span class='ocrx_word' id='word_1_38' title='bbox 558 728 653 790; x_wconf 85' lang='lat' dir='ltr'><strong>locum</strong></span> <span class='ocrx_word' id='word_1_39' title='bbox 670 736 806 800; x_wconf 80' lang='lat' dir='ltr'>obtinuit,</span> <span class='ocrx_word' id='word_1_40' title='bbox 828 741 958 808; x_wconf 87' lang='lat' dir='ltr'><strong>reputan-</strong></span> 
     </span>
     <span class='ocr_line' id='line_1_7' title="bbox 95 831 958 907; baseline 0 -17"><span class='ocrx_word' id='word_1_41' title='bbox 95 833 181 898; x_wconf 87' lang='lat' dir='ltr'><strong>tibus,</strong></span> <span class='ocrx_word' id='word_1_42' title='bbox 201 831 281 890; x_wconf 80' lang='lat' dir='ltr'><strong>‘illic</strong></span> <span class='ocrx_word' id='word_1_43' title='bbox 295 832 455 889; x_wconf 75' lang='lat' dir='ltr'><strong>Caecinam</strong></span> <span class='ocrx_word' id='word_1_44' title='bbox 479 832 619 907; x_wconf 84' lang='lat' dir='ltr'><strong>genitum,</strong></span> <span class='ocrx_word' id='word_1_45' title='bbox 640 838 670 889; x_wconf 89' lang='lat' dir='ltr'><strong>et</strong></span> <span class='ocrx_word' id='word_1_46' title='bbox 690 833 813 906; x_wconf 86' lang='lat' dir='ltr'><strong>patriam</strong></span> <span class='ocrx_word' id='word_1_47' title='bbox 835 834 958 890; x_wconf 89' lang='lat' dir='ltr'><strong>boetium</strong></span> 
     </span>
     <span class='ocr_line' id='line_1_8' title="bbox 95 929 958 1005; baseline -0.001 -16"><span class='ocrx_word' id='word_1_48' title='bbox 95 931 193 990; x_wconf 87' lang='lat' dir='ltr'><strong>‘Duci</strong></span> <span class='ocrx_word' id='word_1_49' title='bbox 206 929 352 1005; x_wconf 68' lang='lat' dir='ltr'><strong>ereptam?</strong></span> <span class='ocrx_word' id='word_1_50' title='bbox 392 933 428 988; x_wconf 88' lang='lat' dir='ltr'><strong>lu</strong></span> <span class='ocrx_word' id='word_1_51' title='bbox 442 931 662 988; x_wconf 75' lang='lat' dir='ltr'><strong>Veronensibus</strong></span> <span class='ocrx_word' id='word_1_52' title='bbox 677 931 800 1003; x_wconf 87' lang='lat' dir='ltr'><strong>pretium</strong></span> <span class='ocrx_word' id='word_1_53' title='bbox 820 931 891 988; x_wconf 85' lang='lat' dir='ltr'><strong>tuit:</strong></span> <span class='ocrx_word' id='word_1_54' title='bbox 912 949 958 988; x_wconf 88' lang='lat' dir='ltr'><strong>ex·</strong></span> 
     </span>
     <span class='ocr_line' id='line_1_9' title="bbox 95 1029 956 1106; baseline -0.002 -18"><span class='ocrx_word' id='word_1_55' title='bbox 95 1033 193 1103; x_wconf 89' lang='lat' dir='ltr'><strong>emplo</strong></span> <span class='ocrx_word' id='word_1_56' title='bbox 201 1031 359 1106; x_wconf 88' lang='lat' dir='ltr'><strong>opibusque</strong></span> <span class='ocrx_word' id='word_1_57' title='bbox 369 1035 463 1103; x_wconf 82' lang='lat' dir='ltr'><strong>portes</strong></span> <span class='ocrx_word' id='word_1_58' title='bbox 477 1031 587 1088; x_wconf 86' lang='lat' dir='ltr'><strong>iuvere.</strong></span> <span class='ocrx_word' id='word_1_59' title='bbox 613 1031 651 1088; x_wconf 82' lang='lat' dir='ltr'><strong>Et</strong></span> <span class='ocrx_word' id='word_1_60' title='bbox 665 1030 838 1088; x_wconf 81' lang='lat' dir='ltr'><strong>interiectus</strong></span> <span class='ocrx_word' id='word_1_61' title='bbox 848 1029 956 1088; x_wconf 83' lang='lat' dir='ltr'><strong>exerci-</strong></span> 
     </span>
     <span class='ocr_line' id='line_1_10' title="bbox 95 1129 952 1202; baseline -0.001 -16"><span class='ocrx_word' id='word_1_62' title='bbox 95 1133 140 1186; x_wconf 88' lang='lat' dir='ltr'><strong>tus</strong></span> <span class='ocrx_word' id='word_1_63' title='bbox 167 1146 217 1201; x_wconf 92' lang='lat' dir='ltr'><strong>per</strong></span> <span class='ocrx_word' id='word_1_64' title='bbox 238 1129 373 1186; x_wconf 75' lang='lat' dir='ltr'><strong>Raetiam</strong></span> <span class='ocrx_word' id='word_1_65' title='bbox 397 1129 541 1202; x_wconf 80' lang='lat' dir='ltr'><strong>Iuliasque</strong></span> <span class='ocrx_word' id='word_1_66' title='bbox 567 1131 675 1202; x_wconf 88' lang='lat' dir='ltr'><strong>Alpes;</strong></span> <span class='ocrx_word' id='word_1_67' title='bbox 695 1145 741 1198; x_wconf 84' lang='lat' dir='ltr'><strong>ao,</strong></span> <span class='ocrx_word' id='word_1_68' title='bbox 762 1145 801 1186; x_wconf 89' lang='lat' dir='ltr'><strong>ne</strong></span> <span class='ocrx_word' id='word_1_69' title='bbox 821 1130 952 1202; x_wconf 85' lang='lat' dir='ltr'><strong>pervium</strong></span> 
     </span>
     <span class='ocr_line' id='line_1_11' title="bbox 94 1225 957 1301; baseline 0 -19"><span class='ocrx_word' id='word_1_70' title='bbox 94 1225 145 1282; x_wconf 90' lang='lat' dir='ltr'><strong>illa</strong></span> <span class='ocrx_word' id='word_1_71' title='bbox 168 1226 352 1284; x_wconf 77' lang='lat' dir='ltr'><strong>Germanicis</strong></span> <span class='ocrx_word' id='word_1_72' title='bbox 375 1229 554 1285; x_wconf 75' lang='lat' dir='ltr'><strong>exercitibus</strong></span> <span class='ocrx_word' id='word_1_73' title='bbox 587 1227 668 1294; x_wconf 80' lang='lat' dir='ltr'><strong>soret,</strong></span> <span class='ocrx_word' id='word_1_74' title='bbox 687 1229 867 1300; x_wconf 75' lang='lat' dir='ltr'><strong>obrepserat.</strong></span> <span class='ocrx_word' id='word_1_75' title='bbox 888 1243 957 1301; x_wconf 85' lang='lat' dir='ltr'><strong>quae</strong></span> 
     </span>
     <span class='ocr_line' id='line_1_12' title="bbox 94 1324 958 1400; baseline 0 -20"><span class='ocrx_word' id='word_1_76' title='bbox 94 1324 194 1398; x_wconf 81' lang='lat' dir='ltr'><strong>ignara</strong></span> <span class='ocrx_word' id='word_1_77' title='bbox 222 1325 415 1398; x_wconf 75' lang='lat' dir='ltr'><strong>Vespasiano,</strong></span> <span class='ocrx_word' id='word_1_78' title='bbox 444 1332 495 1384; x_wconf 88' lang='lat' dir='ltr'><strong>aut</strong></span> <span class='ocrx_word' id='word_1_79' title='bbox 520 1325 633 1383; x_wconf 83' lang='lat' dir='ltr'><strong>vetita:</strong></span> <span class='ocrx_word' id='word_1_80' title='bbox 654 1325 761 1400; x_wconf 90' lang='lat' dir='ltr'><strong>qnippe</strong></span> <span class='ocrx_word' id='word_1_81' title='bbox 783 1325 958 1399; x_wconf 79' lang='lat' dir='ltr'><strong>‘Aquileiae</strong></span> 
     </span>
     <span class='ocr_line' id='line_1_13' title="bbox 95 1422 959 1500; baseline 0 -20"><span class='ocrx_word' id='word_1_82' title='bbox 95 1423 180 1480; x_wconf 89' lang='lat' dir='ltr'><strong>‘sisti</strong></span> <span class='ocrx_word' id='word_1_83' title='bbox 218 1425 325 1482; x_wconf 87' lang='lat' dir='ltr'><strong>bellum</strong></span> <span class='ocrx_word' id='word_1_84' title='bbox 364 1425 586 1500; x_wconf 81' lang='lat' dir='ltr'><strong>exspectarique</strong></span> <span class='ocrx_word' id='word_1_85' title='bbox 620 1422 800 1482; x_wconf 84' lang='lat' dir='ltr'><strong>Mucianum&#39;</strong></span> <span class='ocrx_word' id='word_1_86' title='bbox 834 1424 959 1492; x_wconf 87' lang='lat' dir='ltr'><strong>iubebat,</strong></span> 
     </span>
     <span class='ocr_line' id='line_1_14' title="bbox 96 1522 960 1597; baseline -0.002 -17"><span class='ocrx_word' id='word_1_87' title='bbox 96 1522 308 1597; x_wconf 86' lang='lat' dir='ltr'><strong>adiiciebatque</strong></span> <span class='ocrx_word' id='word_1_88' title='bbox 322 1522 443 1596; x_wconf 88' lang='lat' dir='ltr'><strong>irnperio</strong></span> <span class='ocrx_word' id='word_1_89' title='bbox 462 1524 626 1588; x_wconf 88' lang='lat' dir='ltr'><strong>consilium,</strong></span> <span class='ocrx_word' id='word_1_90' title='bbox 646 1523 783 1596; x_wconf 83' lang='lat' dir='ltr'><strong>‘quando</strong></span> <span class='ocrx_word' id='word_1_91' title='bbox 799 1523 960 1596; x_wconf 83' lang='lat' dir='ltr'><strong>Aegyptus,</strong></span> 
     </span>
     <span class='ocr_line' id='line_1_15' title="bbox 95 1621 959 1695; baseline 0 -17"><span class='ocrx_word' id='word_1_92' title='bbox 95 1623 240 1680; x_wconf 87' lang='lat' dir='ltr'><strong>‘claustra</strong></span> <span class='ocrx_word' id='word_1_93' title='bbox 254 1639 397 1688; x_wconf 89' lang='lat' dir='ltr'><strong>annonae,</strong></span> <span class='ocrx_word' id='word_1_94' title='bbox 417 1621 574 1695; x_wconf 77' lang='lat' dir='ltr'><strong>vectigalia</strong></span> <span class='ocrx_word' id='word_1_95' title='bbox 593 1621 877 1694; x_wconf 85' lang='lat' dir='ltr'><strong>opulentissimarum</strong></span> <span class='ocrx_word' id='word_1_96' title='bbox 900 1637 959 1694; x_wconf 79' lang='lat' dir='ltr'><strong>pro</strong></span> 
     </span>
     <span class='ocr_line' id='line_1_16' title="bbox 97 1718 959 1793; baseline 0.001 -18"><span class='ocrx_word' id='word_1_97' title='bbox 97 1720 281 1778; x_wconf 85' lang='lat' dir='ltr'><strong>‘vinclorum</strong></span> <span class='ocrx_word' id='word_1_98' title='bbox 308 1722 516 1786; x_wconf 86' lang='lat' dir='ltr'><strong>obtinerentur,</strong></span> <span class='ocrx_word' id='word_1_99' title='bbox 544 1737 627 1793; x_wconf 90' lang='lat' dir='ltr'><strong>posse</strong></span> <span class='ocrx_word' id='word_1_100' title='bbox 652 1718 770 1775; x_wconf 85' lang='lat' dir='ltr'><strong>Vitellii</strong></span> <span class='ocrx_word' id='word_1_101' title='bbox 797 1719 959 1776; x_wconf 85' lang='lat' dir='ltr'><strong>exereitum</strong></span> 
     </span>
    </p>
   </div>
   <div class='ocr_carea' id='block_1_3' title="bbox 96 1815 1049 1892">
    <p class='ocr_par' dir='ltr' id='par_1_3' title="bbox 96 1815 1049 1892">
     <span class='ocr_line' id='line_1_17' title="bbox 96 1815 1049 1892; baseline 0.008 -21"><span class='ocrx_word' id='word_1_102' title='bbox 96 1821 105 1850; x_wconf 81' lang='lat'><strong>‘</strong></span> <span class='ocrx_word' id='word_1_103' title='bbox 119 1824 248 1889; x_wconf 80' lang='lat' dir='ltr'><strong>egestate</strong></span> <span class='ocrx_word' id='word_1_104' title='bbox 259 1818 398 1892; x_wconf 89' lang='lat' dir='ltr'><strong>stipendii</strong></span> <span class='ocrx_word' id='word_1_105' title='bbox 407 1817 597 1892; x_wconf 73' lang='lat' dir='ltr'><strong>frumentique</strong></span> <span class='ocrx_word' id='word_1_106' title='bbox 608 1819 645 1874; x_wconf 94' lang='lat' dir='ltr'><strong>ad</strong></span> <span class='ocrx_word' id='word_1_107' title='bbox 657 1817 838 1874; x_wconf 83' lang='lat' dir='ltr'><strong>deditionem</strong></span> <span class='ocrx_word' id='word_1_108' title='bbox 848 1815 960 1892; x_wconf 68' lang='lat' dir='ltr'><strong>subigi?</strong></span> <span class='ocrx_word' id='word_1_109' title='bbox 1048 1833 1049 1891; x_wconf 35' lang='grc' dir='ltr'><strong><em>ἦ</em></strong></span> 
     </span>
    </p>
   </div>
   <div class='ocr_carea' id='block_1_4' title="bbox 1 1913 962 2088">
    <p class='ocr_par' dir='ltr' id='par_1_4' title="bbox 1 1913 962 2088">
     <span class='ocr_line' id='line_1_18' title="bbox 1 1913 961 1990; baseline 0.004 -24"><span class='ocrx_word' id='word_1_110' title='bbox 1 1961 2 1966; x_wconf 73' lang='grc'>,</span> <span class='ocrx_word' id='word_1_111' title='bbox 96 1913 207 1972; x_wconf 83' lang='lat' dir='ltr'><strong>Eadem</strong></span> <span class='ocrx_word' id='word_1_112' title='bbox 224 1915 377 1974; x_wconf 80' lang='lat' dir='ltr'><strong>Mucianus</strong></span> <span class='ocrx_word' id='word_1_113' title='bbox 391 1917 499 1974; x_wconf 85' lang='lat' dir='ltr'><strong>crebris</strong></span> <span class='ocrx_word' id='word_1_114' title='bbox 517 1915 647 1990; x_wconf 86' lang='lat' dir='ltr'><strong>epistolis</strong></span> <span class='ocrx_word' id='word_1_115' title='bbox 669 1917 815 1984; x_wconf 87' lang='lat' dir='ltr'><strong>monebat,</strong></span> <span class='ocrx_word' id='word_1_116' title='bbox 836 1916 961 1972; x_wconf 76' lang='lat' dir='ltr'><strong>inantea·</strong></span> 
     </span>
     <span class='ocr_line' id='line_1_19' title="bbox 96 2012 962 2088; baseline 0.003 -19"><span class='ocrx_word' id='word_1_117' title='bbox 96 2017 153 2070; x_wconf 79' lang='lat' dir='ltr'><strong>tera</strong></span> <span class='ocrx_word' id='word_1_118' title='bbox 166 2018 192 2070; x_wconf 84' lang='lat' dir='ltr'><strong>el</strong></span> <span class='ocrx_word' id='word_1_119' title='bbox 211 2012 271 2070; x_wconf 83' lang='lat' dir='ltr'><strong>siae</strong></span> <span class='ocrx_word' id='word_1_120' title='bbox 286 2012 361 2072; x_wconf 81' lang='lat' dir='ltr'><strong>lsrctu</strong></span> <span class='ocrx_word' id='word_1_121' title='bbox 374 2013 527 2080; x_wconf 74' lang='lat' dir='ltr'><strong>victoriosa,</strong></span> <span class='ocrx_word' id='word_1_122' title='bbox 541 2020 571 2071; x_wconf 90' lang='lat' dir='ltr'><strong>et</strong></span> <span class='ocrx_word' id='word_1_123' title='bbox 597 2014 655 2071; x_wconf 88' lang='lat' dir='ltr'><strong>alia</strong></span> <span class='ocrx_word' id='word_1_124' title='bbox 669 2015 869 2072; x_wconf 87' lang='lat' dir='ltr'><strong>huiuscemodi</strong></span> <span class='ocrx_word' id='word_1_125' title='bbox 882 2031 962 2088; x_wconf 81' lang='lat' dir='ltr'><strong>prae·</strong></span> 
     </span>
    </p>
   </div>
   <div class='ocr_carea' id='block_1_5' title="bbox 95 2113 1048 2188">
    <p class='ocr_par' dir='ltr' id='par_1_5' title="bbox 95 2113 1048 2188">
     <span class='ocr_line' id='line_1_20' title="bbox 95 2113 1048 2188; baseline -0.001 -17"><span class='ocrx_word' id='word_1_126' title='bbox 95 2113 240 2182; x_wconf 78' lang='lat' dir='ltr'><strong>lexeud03</strong></span> <span class='ocrx_word' id='word_1_127' title='bbox 260 2115 311 2172; x_wconf 93' lang='lat' dir='ltr'><strong>sed</strong></span> <span class='ocrx_word' id='word_1_128' title='bbox 325 2115 433 2188; x_wconf 80' lang='lat' dir='ltr'><strong>gloriae</strong></span> <span class='ocrx_word' id='word_1_129' title='bbox 447 2115 560 2180; x_wconf 86' lang='lat' dir='ltr'><strong>avidus,</strong></span> <span class='ocrx_word' id='word_1_130' title='bbox 579 2119 664 2187; x_wconf 88' lang='lat' dir='ltr'><strong>atque</strong></span> <span class='ocrx_word' id='word_1_131' title='bbox 686 2130 773 2169; x_wconf 92' lang='lat' dir='ltr'><strong>omne</strong></span> <span class='ocrx_word' id='word_1_132' title='bbox 785 2113 857 2168; x_wconf 87' lang='lat' dir='ltr'><strong>belli</strong></span> <span class='ocrx_word' id='word_1_133' title='bbox 872 2114 961 2170; x_wconf 87' lang='lat' dir='ltr'><strong>decus</strong></span> <span class='ocrx_word' id='word_1_134' title='bbox 1047 2169 1048 2184; x_wconf 33' lang='lat'>2</span> 
     </span>
    </p>
   </div>
   <div class='ocr_carea' id='block_1_6' title="bbox 66 2209 963 2482">
    <p class='ocr_par' dir='ltr' id='par_1_6' title="bbox 66 2209 963 2482">
     <span class='ocr_line' id='line_1_21' title="bbox 95 2209 960 2284; baseline -0.003 -14"><span class='ocrx_word' id='word_1_135' title='bbox 95 2212 152 2270; x_wconf 88' lang='lat' dir='ltr'><strong>sibi</strong></span> <span class='ocrx_word' id='word_1_136' title='bbox 166 2213 301 2270; x_wconf 85' lang='lat' dir='ltr'><strong>retinens.</strong></span> <span class='ocrx_word' id='word_1_137' title='bbox 325 2209 328 2217; x_wconf 88' lang='lat'>&#39;</span> <span class='ocrx_word' id='word_1_138' title='bbox 345 2213 482 2270; x_wconf 82' lang='lat' dir='ltr'><strong>ceterum</strong></span> <span class='ocrx_word' id='word_1_139' title='bbox 504 2229 542 2268; x_wconf 82' lang='lat' dir='ltr'><strong>ex</strong></span> <span class='ocrx_word' id='word_1_140' title='bbox 557 2211 729 2268; x_wconf 87' lang='lat' dir='ltr'><strong>distantibus</strong></span> <span class='ocrx_word' id='word_1_141' title='bbox 744 2217 883 2268; x_wconf 88' lang='lat' dir='ltr'><strong>terrarum</strong></span> <span class='ocrx_word' id='word_1_142' title='bbox 897 2227 960 2284; x_wconf 82' lang='lat' dir='ltr'><strong>sps·</strong></span> 
     </span>
     <span class='ocr_line' id='line_1_22' title="bbox 66 2309 962 2384; baseline -0.007 -12"><span class='ocrx_word' id='word_1_143' title='bbox 66 2311 155 2379; x_wconf 72' lang='lat' dir='ltr'><strong>otiis,</strong></span> <span class='ocrx_word' id='word_1_144' title='bbox 174 2311 297 2370; x_wconf 82' lang='lat' dir='ltr'><strong>consilia</strong></span> <span class='ocrx_word' id='word_1_145' title='bbox 313 2318 376 2384; x_wconf 87' lang='lat' dir='ltr'><strong>post</strong></span> <span class='ocrx_word' id='word_1_146' title='bbox 397 2328 441 2368; x_wconf 89' lang='lat' dir='ltr'><strong>res</strong></span> <span class='ocrx_word' id='word_1_147' title='bbox 455 2310 665 2367; x_wconf 75' lang='lat' dir='ltr'><strong>adferebantur.</strong></span> <span class='ocrx_word' id='word_1_148' title='bbox 706 2309 798 2383; x_wconf 82' lang='lat' dir='ltr'><strong>Igitur</strong></span> <span class='ocrx_word' id='word_1_149' title='bbox 809 2309 962 2384; x_wconf 85' lang='lat' dir='ltr'><strong>repentino</strong></span> 
     </span>
     <span class='ocr_line' id='line_1_23' title="bbox 97 2407 963 2482; baseline -0.002 -16"><span class='ocrx_word' id='word_1_150' title='bbox 97 2410 214 2468; x_wconf 87' lang='lat' dir='ltr'><strong>incursu</strong></span> <span class='ocrx_word' id='word_1_151' title='bbox 239 2410 386 2468; x_wconf 88' lang='lat' dir='ltr'><strong>Antonius</strong></span> <span class='ocrx_word' id='word_1_152' title='bbox 411 2409 552 2466; x_wconf 84' lang='lat' dir='ltr'><strong>stationes</strong></span> <span class='ocrx_word' id='word_1_153' title='bbox 575 2408 701 2465; x_wconf 87' lang='lat' dir='ltr'><strong>hostium</strong></span> <span class='ocrx_word' id='word_1_154' title='bbox 724 2407 874 2482; x_wconf 86' lang='lat' dir='ltr'><strong>inrumpit,</strong></span> <span class='ocrx_word' id='word_1_155' title='bbox 889 2413 963 2465; x_wconf 71' lang='lat' dir='ltr'><strong>¹teu·</strong></span> 
     </span>
    </p>
   </div>
   <div class='ocr_carea' id='block_1_7' title="bbox 98 2506 1047 2583">
    <p class='ocr_par' dir='ltr' id='par_1_7' title="bbox 98 2506 1047 2583">
     <span class='ocr_line' id='line_1_24' title="bbox 98 2506 1047 2583; baseline 0 -19"><span class='ocrx_word' id='word_1_156' title='bbox 98 2508 222 2583; x_wconf 85' lang='lat' dir='ltr'><strong>talisque</strong></span> <span class='ocrx_word' id='word_1_157' title='bbox 247 2509 309 2564; x_wconf 86' lang='lat' dir='ltr'><strong>levi</strong></span> <span class='ocrx_word' id='word_1_158' title='bbox 333 2507 443 2581; x_wconf 90' lang='lat' dir='ltr'><strong>proelio</strong></span> <span class='ocrx_word' id='word_1_159' title='bbox 466 2506 581 2574; x_wconf 89' lang='lat' dir='ltr'><strong>animis,</strong></span> <span class='ocrx_word' id='word_1_160' title='bbox 609 2523 647 2564; x_wconf 83' lang='lat' dir='ltr'><strong>ex</strong></span> <span class='ocrx_word' id='word_1_161' title='bbox 674 2523 766 2580; x_wconf 88' lang='lat' dir='ltr'><strong>aequo</strong></span> <span class='ocrx_word' id='word_1_162' title='bbox 789 2507 961 2564; x_wconf 86' lang='lat' dir='ltr'><strong>discessum.</strong></span> <span class='ocrx_word' id='word_1_163' title='bbox 1046 2529 1047 2556; x_wconf 65' lang='lat' dir='ltr'><strong>l</strong></span> 
     </span>
    </p>
   </div>
   <div class='ocr_carea' id='block_1_8' title="bbox 96 2604 963 3471">
    <p class='ocr_par' dir='ltr' id='par_1_8' title="bbox 96 2604 963 3471">
     <span class='ocr_line' id='line_1_25' title="bbox 98 2604 962 2670; baseline -0.005 -6"><span class='ocrx_word' id='word_1_164' title='bbox 98 2605 171 2664; x_wconf 86' lang='lat' dir='ltr'><strong>Mox</strong></span> <span class='ocrx_word' id='word_1_165' title='bbox 187 2607 318 2664; x_wconf 88' lang='lat' dir='ltr'><strong>Caecina</strong></span> <span class='ocrx_word' id='word_1_166' title='bbox 343 2606 420 2663; x_wconf 88' lang='lat' dir='ltr'><strong>inter</strong></span> <span class='ocrx_word' id='word_1_167' title='bbox 444 2605 609 2670; x_wconf 78' lang='lat' dir='ltr'><strong>Hostiliam,</strong></span> <span class='ocrx_word' id='word_1_168' title='bbox 630 2604 728 2662; x_wconf 90' lang='lat' dir='ltr'><strong>vicum</strong></span> <span class='ocrx_word' id='word_1_169' title='bbox 742 2605 962 2662; x_wconf 89' lang='lat' dir='ltr'><strong>Veronensium</strong></span> 
     </span>
     <span class='ocr_line' id='line_1_26' title="bbox 97 2702 963 2777; baseline -0.003 -16"><span class='ocrx_word' id='word_1_170' title='bbox 97 2710 127 2761; x_wconf 89' lang='lat' dir='ltr'><strong>et</strong></span> <span class='ocrx_word' id='word_1_171' title='bbox 145 2705 263 2777; x_wconf 88' lang='lat' dir='ltr'><strong>paludes</strong></span> <span class='ocrx_word' id='word_1_172' title='bbox 279 2703 397 2761; x_wconf 67' lang='lat' dir='ltr'><strong>&#39;tartari</strong></span> <span class='ocrx_word' id='word_1_173' title='bbox 424 2703 559 2769; x_wconf 82' lang='lat' dir='ltr'><strong>fluminis,</strong></span> <span class='ocrx_word' id='word_1_174' title='bbox 579 2709 674 2760; x_wconf 88' lang='lat' dir='ltr'><strong>castra</strong></span> <span class='ocrx_word' id='word_1_175' title='bbox 688 2702 862 2775; x_wconf 86' lang='lat' dir='ltr'><strong>permuniit;</strong></span> <span class='ocrx_word' id='word_1_176' title='bbox 884 2707 963 2759; x_wconf 84' lang='lat' dir='ltr'><strong>tutus</strong></span> 
     </span>
     <span class='ocr_line' id='line_1_27' title="bbox 96 2800 963 2876; baseline -0.003 -17"><span class='ocrx_word' id='word_1_177' title='bbox 96 2804 172 2868; x_wconf 90' lang='lat' dir='ltr'><strong>loco,</strong></span> <span class='ocrx_word' id='word_1_178' title='bbox 192 2819 258 2859; x_wconf 91' lang='lat' dir='ltr'><strong>cum</strong></span> <span class='ocrx_word' id='word_1_179' title='bbox 272 2807 352 2876; x_wconf 84' lang='lat' dir='ltr'><strong>terga</strong></span> <span class='ocrx_word' id='word_1_180' title='bbox 366 2802 494 2870; x_wconf 88' lang='lat' dir='ltr'><strong>flumine,</strong></span> <span class='ocrx_word' id='word_1_181' title='bbox 514 2804 604 2858; x_wconf 85' lang='lat' dir='ltr'><strong>latera</strong></span> <span class='ocrx_word' id='word_1_182' title='bbox 623 2801 740 2858; x_wconf 87' lang='lat' dir='ltr'><strong>obiectu</strong></span> <span class='ocrx_word' id='word_1_183' title='bbox 755 2800 869 2872; x_wconf 90' lang='lat' dir='ltr'><strong>paludis</strong></span> <span class='ocrx_word' id='word_1_184' title='bbox 885 2807 963 2874; x_wconf 82' lang='lat' dir='ltr'><strong>tege·</strong></span> 
     </span>
     <span class='ocr_line' id='line_1_28' title="bbox 96 2894 962 2977; baseline -0.008 -15"><span class='ocrx_word' id='word_1_185' title='bbox 96 2909 202 2962; x_wconf 87' lang='lat' dir='ltr'><strong>rentur.</strong></span> <span class='ocrx_word' id='word_1_186' title='bbox 223 2903 297 2977; x_wconf 88' lang='lat' dir='ltr'><strong>quod</strong></span> <span class='ocrx_word' id='word_1_187' title='bbox 321 2903 345 2958; x_wconf 88' lang='lat' dir='ltr'><strong>si</strong></span> <span class='ocrx_word' id='word_1_188' title='bbox 368 2903 505 2960; x_wconf 88' lang='lat' dir='ltr'><strong>adluisset</strong></span> <span class='ocrx_word' id='word_1_189' title='bbox 533 2903 613 2965; x_wconf 85' lang='lat' dir='ltr'><strong>fides,</strong></span> <span class='ocrx_word' id='word_1_190' title='bbox 633 2906 682 2958; x_wconf 87' lang='lat' dir='ltr'><strong>aut</strong></span> <span class='ocrx_word' id='word_1_191' title='bbox 705 2894 830 2972; x_wconf 79' lang='lat' dir='ltr'><strong>opprimi</strong></span> <span class='ocrx_word' id='word_1_192' title='bbox 846 2900 962 2956; x_wconf 89' lang='lat' dir='ltr'><strong>univer-</strong></span> 
     </span>
     <span class='ocr_line' id='line_1_29' title="bbox 96 2999 961 3073; baseline -0.005 -15"><span class='ocrx_word' id='word_1_193' title='bbox 96 3003 135 3060; x_wconf 89' lang='lat' dir='ltr'><strong>sis</strong></span> <span class='ocrx_word' id='word_1_194' title='bbox 162 3001 387 3058; x_wconf 88' lang='lat' dir='ltr'><strong>Vitellianorum</strong></span> <span class='ocrx_word' id='word_1_195' title='bbox 413 3002 521 3058; x_wconf 84' lang='lat' dir='ltr'><strong>viribus</strong></span> <span class='ocrx_word' id='word_1_196' title='bbox 554 3000 630 3056; x_wconf 88' lang='lat' dir='ltr'><strong>duae</strong></span> <span class='ocrx_word' id='word_1_197' title='bbox 657 2999 797 3073; x_wconf 80' lang='lat' dir='ltr'><strong>legiones,</strong></span> <span class='ocrx_word' id='word_1_198' title='bbox 833 3001 961 3056; x_wconf 88' lang='lat' dir='ltr'><strong>nondum</strong></span> 
     </span>
     <span class='ocr_line' id='line_1_30' title="bbox 96 3099 959 3171; baseline -0.005 -14"><span class='ocrx_word' id='word_1_199' title='bbox 96 3101 254 3164; x_wconf 86' lang='lat' dir='ltr'><strong>coniuncto</strong></span> <span class='ocrx_word' id='word_1_200' title='bbox 270 3099 401 3155; x_wconf 86' lang='lat' dir='ltr'><strong>illoesico</strong></span> <span class='ocrx_word' id='word_1_201' title='bbox 414 3099 554 3166; x_wconf 85' lang='lat' dir='ltr'><strong>exercitu,</strong></span> <span class='ocrx_word' id='word_1_202' title='bbox 568 3103 695 3171; x_wconf 89' lang='lat' dir='ltr'><strong>potuere,</strong></span> <span class='ocrx_word' id='word_1_203' title='bbox 709 3101 757 3153; x_wconf 85' lang='lat' dir='ltr'><strong>aut</strong></span> <span class='ocrx_word' id='word_1_204' title='bbox 772 3102 959 3164; x_wconf 87' lang='lat' dir='ltr'><strong>retroactae,</strong></span> 
     </span>
     <span class='ocr_line' id='line_1_31' title="bbox 96 3194 963 3272; baseline -0.005 -16"><span class='ocrx_word' id='word_1_205' title='bbox 96 3202 209 3256; x_wconf 89' lang='lat' dir='ltr'><strong>deserta</strong></span> <span class='ocrx_word' id='word_1_206' title='bbox 237 3197 334 3259; x_wconf 83' lang='lat' dir='ltr'><strong>ltalia,</strong></span> <span class='ocrx_word' id='word_1_207' title='bbox 368 3203 479 3270; x_wconf 87' lang='lat' dir='ltr'><strong>turpem</strong></span> <span class='ocrx_word' id='word_1_208' title='bbox 510 3198 605 3272; x_wconf 80' lang='lat' dir='ltr'><strong>lugam</strong></span> <span class='ocrx_word' id='word_1_209' title='bbox 626 3194 850 3253; x_wconf 87' lang='lat' dir='ltr'><strong>conscivissent.</strong></span> <span class='ocrx_word' id='word_1_210' title='bbox 901 3195 963 3253; x_wconf 89' lang='lat' dir='ltr'><strong>Sed</strong></span> 
     </span>
     <span class='ocr_line' id='line_1_32' title="bbox 97 3297 963 3372; baseline -0.005 -14"><span class='ocrx_word' id='word_1_211' title='bbox 97 3300 236 3365; x_wconf 75' lang='lat' dir='ltr'><strong>Caecina,</strong></span> <span class='ocrx_word' id='word_1_212' title='bbox 250 3317 301 3371; x_wconf 90' lang='lat' dir='ltr'><strong>per</strong></span> <span class='ocrx_word' id='word_1_213' title='bbox 315 3298 420 3372; x_wconf 67' lang='lat' dir='ltr'><strong>varias⁴</strong></span> <span class='ocrx_word' id='word_1_214' title='bbox 436 3315 539 3367; x_wconf 86' lang='lat' dir='ltr'><strong>moras,</strong></span> <span class='ocrx_word' id='word_1_215' title='bbox 560 3299 651 3372; x_wconf 91' lang='lat' dir='ltr'><strong>prima</strong></span> <span class='ocrx_word' id='word_1_216' title='bbox 676 3297 806 3356; x_wconf 87' lang='lat' dir='ltr'><strong>hostibus</strong></span> <span class='ocrx_word' id='word_1_217' title='bbox 835 3297 963 3372; x_wconf 87' lang='lat' dir='ltr'><strong>prodidit</strong></span> 
     </span>
     <span class='ocr_line' id='line_1_33' title="bbox 96 3395 961 3471; baseline 0.001 -18"><span class='ocrx_word' id='word_1_218' title='bbox 96 3402 225 3471; x_wconf 86' lang='lat' dir='ltr'><strong>tempora</strong></span> <span class='ocrx_word' id='word_1_219' title='bbox 246 3395 324 3464; x_wconf 83' lang='lat' dir='ltr'><strong>belli,</strong></span> <span class='ocrx_word' id='word_1_220' title='bbox 356 3397 435 3460; x_wconf 89' lang='lat' dir='ltr'><strong>dum,</strong></span> <span class='ocrx_word' id='word_1_221' title='bbox 456 3413 529 3470; x_wconf 86' lang='lat' dir='ltr'><strong>quos</strong></span> <span class='ocrx_word' id='word_1_222' title='bbox 553 3397 639 3454; x_wconf 89' lang='lat' dir='ltr'><strong>armis</strong></span> <span class='ocrx_word' id='word_1_223' title='bbox 660 3399 769 3470; x_wconf 88' lang='lat' dir='ltr'><strong>pellere</strong></span> <span class='ocrx_word' id='word_1_224' title='bbox 797 3403 961 3470; x_wconf 87' lang='lat' dir='ltr'><strong>promptum</strong></span> 
     </span>
    </p>
   </div>
   <div class='ocr_carea' id='block_1_9' title="bbox 0 0 1057 3834">
    <p class='ocr_par' dir='ltr' id='par_1_9' title="bbox 0 0 1057 3834">
     <span class='ocr_line' id='line_1_34' title="bbox 0 0 1057 3834; baseline 0 0"><span class='ocrx_word' id='word_1_225' title='bbox 0 0 1057 3834; x_wconf 95' lang='lat' dir='ltr'><strong> </strong></span> 
     </span>
    </p>
   </div>
  </div>
 </body>
</html>
