2090 3838
103 229 215 282 anau
316 233 387 280 ura.
405 233 443 280 rr.
492 233 571 282 aar.
603 213 769 284 la-21.
886 217 957 286 207

99 381 232 443 &timon
244 403 337 454 mom,
350 393 453 446 mnam
466 403 501 445 aa
513 387 661 448 tiammo
675 391 876 461 ostenderasi
895 409 959 450 cnm

100 483 208 542 sercin
233 484 366 553 Coeden,
376 485 536 562 monibus
565 487 679 566 anapia
707 495 767 548 turn
786 505 894 566 poeseos
917 509 959 550 oa·

98 579 181 640 bna
199 583 433 664 oirotrrfisds'ssct.
480 587 601 662 Iamque
622 589 690 646 totis
711 591 815 647 castris
836 591 959 650 modesti

98 701 248 750 sermones,
261 690 302 752 et,
316 684 510 743 inserentibus
524 705 555 743 ss
568 687 796 745 centurionibus
807 687 959 746 Tribunis·

98 799 157 856 que,
170 783 281 840 laudari
297 781 473 859 mandentia
493 783 594 851 Duria,
613 785 688 863 quod
698 783 844 854 colonium,
858 785 962 850 sirim

97 887 210 959 atcpum
223 881 356 950 ιιαὶίᾰωιι,
368 883 455 941 robur
464 901 499 941 aa
511 883 603 942 sedem
617 885 689 943 bello
713 885 835 962 legisset.
892 888 960 959 lpse

96 991 235 1055 postremo
245 983 401 1054 Spurinna,
415 1001 474 1041 uon
485 989 544 1041 tam
555 981 671 1059 cuipam
683 987 959 1062 exprobrans,quam

97 1081 205 1140 ratione
242 1083 411 1150 ostendens,
437 1083 564 1140 relictis·
580 1085 817 1156 exploratoribus,
845 1092 958 1143 ceteros

95 1179 274 1238 Placentiam
295 1181 419 1248 reduxit,
440 1181 534 1239 minus
555 1183 684 1240 turbidos
704 1189 734 1241 et
747 1183 867 1258 imperia
881 1185 957 1244 aoci·

94 1279 212 1353 pientes.
256 1281 381 1338 Sotidati
397 1281 478 1347 muri,
493 1285 707 1355 propugnacuta
721 1283 829 1351 aridita,
852 1289 957 1342 anctae

93 1383 189 1445 turrea,
204 1379 321 1450 provisa
333 1385 487 1452 parataque
499 1399 556 1436 non
568 1397 646 1437 arma
659 1383 752 1447 modo,
766 1385 816 1440 sed
827 1383 957 1459 otnequi·

92 1491 134 1534 am
148 1481 179 1533 et
195 1477 316 1550 parendi
330 1493 429 1544 amor3
448 1480 523 1552 quod
537 1481 630 1536 sotum
644 1480 703 1537 titis
717 1481 844 1554 partibus
857 1481 957 1550 detuit,

93 1591 155 1633 aum
170 1575 287 1633 viantis
302 1575 378 1632 haud
393 1579 563 1648 poeniteret.
606 1581 648 1636 At
668 1579 807 1644 Caecina,
822 1583 903 1637 vetut
917 1599 957 1638 re·
968 1574 1009 1632 20

92 1673 159 1732 licta
174 1682 241 1748 post
259 1676 350 1746 bipes
362 1675 488 1732 saevitia
502 1693 538 1733 ao
554 1677 683 1742 tioentia,
697 1678 829 1734 modesto
842 1665 957 1752 agmins

91 1790 138 1846 per
149 1773 269 1831 {tetiam
279 1773 408 1832 incessit.
450 1777 591 1834 Ornatam
603 1777 691 1849 ipsius
704 1777 860 1850 municipia
870 1785 899 1836 et
911 1797 958 1836 co·

90 1873 186 1931 ioniae
198 1873 230 1929 in
241 1873 403 1945 superbiam
415 1875 586 1931 trahebant:
599 1865 675 1952 ¹quod
692 1867 865 1936 versicotore
876 1897 957 1954 sagu-

90 1973 126 2039 lo,
140 1973 273 2038 braccas,
287 1977 404 2044 tegmen
418 1975 579 2040 barbarum,
601 1975 727 2041 indutus,
743 1983 855 2050 togatos
879 1981 956 2034 adto-

90 2075 232 2146 qneretur.
283 2070 416 2127 onrem
438 2089 550 2146 quoque
570 2072 641 2138 eius,
663 2075 840 2143 Saloninam,
861 2095 956 2150 quam·

89 2187 175 2244 quam
201 2169 231 2225 in
257 2169 363 2226 nultius
386 2165 521 2226 iniurium
545 2171 653 2244 insigni
669 2189 745 2246 equo
758 2181 892 2247 ostroque
909 2193 955 2232 ve·
981 2205 985 2236 ·.

88 2269 215 2332 beretur,
230 2273 375 2342 tamquam
389 2269 461 2326 taesi
483 2271 696 2342 gravabantur:
718 2271 806 2327 insita
831 2271 956 2328 mortaii-
984 2328 987 2348 ι

88 2367 141 2424 bus
157 2373 268 2430 natura,
283 2373 431 2424 recentem
452 2368 573 2424 aliorum
586 2367 758 2424 ieticitatem
779 2369 872 2442 aegris
890 2387 956 2426 ocu·
979 2353 1038 2440 ,1171

87 2464 125 2522 iis
147 2465 349 2536 introspicere,
373 2467 545 2540 modumque
559 2466 689 2522 fortunae
712 2483 730 2522 a
754 2467 840 2523 nuliis
865 2467 956 2540 magis
977 2448 980 2493 ⁵

87 2565 218 2639 exigere,
252 2581 337 2638 quam
370 2566 499 2640 quos.in
527 2583 621 2638 aequo
650 2565 759 2623 videre.
813 2548 977 2643 Cassiani

88 2663 202 2722 Padum
224 2669 424 2736 transgressus,
445 2669 558 2720 tentata
579 2663 809 2721 Othonianorum
829 2666 885 2722 aue
906 2683 957 2738 per

87 2761 276 2836 contoquium
304 2769 333 2818 et
361 2762 509 2835 promissa,
535 2763 639 2820 iisdem
664 2765 778 2836 petitus,
806 2772 956 2840 postquam

87 2881 147 2937 pax
169 2867 200 2919 et
219 2862 376 2920 concordia
395 2861 535 2933 speciosis
556 2867 585 2918 et
599 2861 693 2919 inritis
714 2861 877 2921 nominibus
898 2865 955 2922 iao·

85 2967 149 3020 tata
173 2966 251 3024 sunt,
275 2961 397 3018 consitis
421 2977 560 3034 aurasque
584 2961 616 3018 in
631 2963 876 3036 oppugnationem
892 2965 955 3021 Pta-

86 3061 207 3120 oentiae
222 3077 327 3134 magno
341 3067 447 3116 terrore
463 3060 571 3116 vertit=
593 3077 708 3132 gnarus,
729 3067 758 3118 ut
779 3061 864 3119 inilia
885 3063 955 3121 beiti

86 3160 303 3236 provenissent,
317 3158 422 3215 tamam
450 3159 481 3215 in
507 3165 606 3216 cetera
635 3159 704 3216 tore.
761 3161 820 3217 Sed
848 3162 1003 3234 primuspl

112 3336 191 3384 Insita
199 3334 330 3380 mmtutibnr
339 3337 429 3384 notura,
439 3334 491 3393 eta]
523 3333 583 3380 Vere
597 3333 633 3380 bic
644 3332 731 3380 morbus
741 3331 762 3378 in
773 3335 853 3379 nostrin
862 3332 953 3378 animia:

74 3410 126 3444 uec
142 3393 238 3441 nescivit
254 3391 362 3440 Aemilius
381 3393 471 3445 Probus,
488 3392 536 3436 sive
555 3393 639 3450 Nepos,
656 3393 679 3436 in
696 3390 794 3456 Chabria
808 3395 829 3435 3.
864 3389 955 3456 tristam

85 3467 203 3500 nmmum
221 3451 309 3508 uitium,
329 3451 407 3510 inquit,
431 3448 519 3508 snam
537 3450 655 3508 titasispm
672 3447 806 3502 ammte,
824 3450 850 3491 ut
867 3445 955 3498 santra

84 3511 295 3574 gloriamsi&
325 3508 388 3566 la'pr.
