2114 3830
126 184 253 234 acra
383 183 504 232 arna.
554 176 632 232 car.
667 167 698 232 l.
724 167 757 232 2.
919 135 991 232 3911

123 341 235 395 cuncta
256 339 421 412 explorans,
443 342 614 414 paratusque
638 340 804 406 decernere,
829 338 904 396 haud
929 357 992 420 pro

123 438 173 494 oul
187 435 402 510 Hierosolymis
415 442 509 494 castra
523 437 603 494 iacit.

121 573 125 582 ·
165 536 238 603 Sed,
261 535 329 609 quia
352 535 477 592 lamosae
492 536 569 591 urbis
582 553 745 608 supremum
759 537 837 594 diem
860 537 1022 598 tradituri2

122 651 233 700 sumus,
262 649 423 706 congruens
456 632 580 696 videtur,
609 633 762 705 primordia
787 635 849 692 eius
870 637 989 710 aperire.

120 733 279 798 ‘iudaeoa
293 731 381 788 Creta
392 715 486 788 ins'ula
500 730 641 804 prologos,
652 731 810 790 novissima
819 733 934 807 Libyae
949 735 991 792 in·

121 827 279 895 ‘sedisse'
301 833 560 902 memorant,‘qua
592 834 764 901 tempestate
785 831 934 899 Saturnus,
959 831 991 888 vi

119 936 129 964 ⁶
143 927 230 987 lovis
245 927 353 999 pulsus,
366 925 486 984 cesserit
500 925 595 1000 regnis
607 925 624 982 :'
643 924 855 1004 (argumentum
869 947 886 984 e
900 928 990 986 uomi-

119 1045 162 1086 na
174 1025 299 1100 petitur:
314 1025 478 1098 ‘inclytum
491 1023 521 1082 in
535 1024 622 1082 Creta
632 1025 715 1082 idam
727 1029 863 1092 montem,
872 1027 990 1084 adcolas

119 1126 265 1191 ‘ldac0s3
289 1122 414 1180 auotoin
430 1123 579 1180 barbarum
589 1129 791 1196 cognomento,
804 1125 926 1182 ludaeos
941 1143 990 1182 vo·

120 1221 227 1280 ‘citari
239 1219 269 1298 ς’)
288 1220 413 1295 quidam,
427 1226 586 1294 ‘regnante
608 1221 695 1288 iside,
719 1224 915 1281 exundantem
939 1239 993 1296 per

121 1323 316 1393 ‘Aegyptum
339 1318 561 1384 multitudinem,
587 1319 707 1376 ducibus
730 1320 936 1394 Hierosolymo
954 1338 989 1379 ac

120 1420 228 1487 ‘luda,
260 1417 404 1490 proximas
438 1417 469 1473 in
491 1423 580 1474 terras
605 1417 818 1474 exoneratam?
851 1421 989 1493 plerique,

117 1525 127 1552 ‘
145 1515 325 1588 Aethiopum
341 1517 459 1588 prolem,
478 1533 548 1590 quos
561 1516 643 1588 Rege
658 1515 779 1588 Cepheo
793 1525 885 1572 metus
903 1522 989 1591 atqua

120 1613 242 1672 ‘odium
256 1619 365 1670 mutare
379 1615 462 1670 sedes
483 1611 658 1686 perpulerit?
699 1615 782 1682 Sunt,
804 1615 851 1688 qui
867 1616 990 1680 tradant,

121 1721 131 1747 ⁸
147 1713 291 1785 Assyrios
302 1728 463 1779 convenas,
476 1712 606 1785 indigum
626 1729 757 1785 agrorum
772 1715 914 1785 populum,
929 1729 990 1785 par·

119 1819 172 1868 ‘te
189 1810 320 1882 Aegypti
334 1809 448 1882 potitos,
463 1825 531 1866 mox
544 1809 672 1882 proprias
686 1813 769 1868 urbes
784 1811 990 1884 Hebraeasque

122 1915 237 1966 tterras
264 1912 293 1964 et
315 1907 447 1991 propiora
481 1907 585 1980 Syriae
619 1909 745 1965 coluisse
767 1907 850 1967 rura?
918 1910 992 1978 Alii,

118 2007 314 2065 ‘ludaeorum
325 2005 419 2072 initia,
436 2005 581 2078 Solymos,
595 2005 771 2064 carminibus
784 2008 903 2066 Homeri
915 2011 991 2066 cele·

124 2143 127 2152 ¹
155 2159 308 2220 Castrusaeit]
339 2159 436 2205 Primum
445 2160 577 2206 contraierit
595 2159 742 2220 inspiramur
752 2161 820 2215 valle,
850 2175 904 2221 mpe
919 2161 991 2208 virum

122 2218 290 2276 (tabath-Saul,
314 2219 434 2264 distantem
456 2217 485 2264 ab
504 2217 668 2274 Hierosolymis
686 2219 776 2264 circiter
800 2226 834 2264 sta
850 2219 871 2264 ia
889 2219 989 2278 triginta.

123 2277 239 2338 Iosephus
249 2276 306 2323 Bell.
322 2277 366 2322 Jud
387 2276 406 2322 V
425 2280 446 2323 2.
465 2291 523 2322 num.
537 2280 554 2323 l.
587 2277 621 2323 Ea
631 2277 810 2338 propiusdeinde
825 2276 930 2323 admovit.

156 2354 289 2401 Priamrdin
299 2355 347 2413 ry'ur
356 2355 450 2416 aperire]
482 2355 573 2401 Tacitus
588 2354 685 2401 Judairir
699 2353 855 2400 traditionibus
864 2367 936 2415 neque
944 2369 992 2401 rre-

123 2415 201 2469 dulus,
225 2427 297 2474 neque
311 2414 398 2474 penitm
413 2413 546 2468 iarrrdulus,
561 2413 641 2474 partim
656 2413 799 2464 iudaeorum.
831 2413 895 2458 arttm
905 2419 993 2459 extero·

123 2487 175 2520 rum
191 2471 326 2532 Scriptorum
343 2471 479 2524 ememoria,
495 2486 552 2532 quae
568 2471 609 2518 sibi
624 2471 749 2533 probabilia
764 2471 815 2517 vide
844 2477 895 2516 ntur
905 2472 992 2528 selegit,

121 2538 149 2580 ut
160 2531 233 2588 gentis
242 2529 362 2591 primordia
421 2529 480 2576 riret.
514 2531 568 2576 inde
582 2545 636 2576 vera
653 2530 722 2585 talaia,
739 2529 799 2576 falsis
813 2529 871 2574 reris
885 2529 991 2584 adrnixta,

122 2604 185 2652 quae
204 2588 331 2648 singillatim
346 2587 459 2648 expirare
472 2603 554 2648 operae
571 2590 665 2650 pretium
680 2595 721 2645 est,
756 2589 799 2634 uod
818 2588 841 2633 in
856 2587 882 2633 iis
896 2587 993 2648 plurima

124 2647 203 2694 adbuc
217 2647 303 2693 lateant
318 2661 447 2706 primaevae
462 2649 563 2693 veritatis
578 2655 713 2706 argumenta.
767 2651 808 2693 rat.

156 2725 289 2771 Primordiu
299 2724 347 2770 rias
356 2725 451 2785 aperire]
483 2726 515 2779 Si,
525 2739 583 2786 quae
592 2726 621 2772 de
630 2725 695 2772 rebus
706 2721 799 2772 ludairis
811 2723 880 2772 tradit
890 2724 991 2780 Tacitus,

124 2783 202 2831 omnia
217 2787 319 2828 excutere
333 2783 461 2836 diligentius
480 2784 596 2839 vellemus,
630 2785 709 2829 lorima
727 2783 821 2828 dicenda
837 2784 916 2829 forent.
948 2783 992 2828 Sed

123 2844 180 2890 istas
190 2841 351 2900 disputationes
361 2857 403 2887 oon
414 2843 504 2902 capiunt
520 2848 595 2897 notae,
609 2800 632 2888 1]
647 2842 723 2902 quibus
733 2842 826 2888 maxime
835 2847 957 2902 spectatur,
967 2847 993 2888 ut

124 2900 245 2947 ernendata
265 2899 332 2944 rerba
351 2899 402 2952 rint,
422 2907 446 2945 et
466 2901 602 2953 intelligatur
620 2916 694 2946 sensns
713 2915 795 2946 eorum.
829 2902 992 2960 Adspergemus

124 2966 204 3005 tamen
214 2957 307 3004 subinde
322 2958 414 3028 aliquid.
435 2959 471 3004 ubi
490 2973 545 3020 opus
563 2959 683 3004 videbitur.
715 2959 775 3005 iilud
792 2959 822 3004 ab
841 2958 991 3006 initiomirari
1055 2997 1056 3000 ,

124 3018 191 3078 liber,
202 3017 239 3076 qui
249 3017 381 3062 commiserit
397 3017 496 3072 Tacitus,
511 3024 535 3063 ut
550 3018 642 3078 Josepbi
661 3017 731 3063 libros
748 3033 791 3063 non
807 3018 939 3071 consuleret,
955 3017 992 3074 qni
1055 3023 1056 3036 ¹

123 3077 173 3122 illis
182 3076 318 3134 temporibus
333 3091 376 3121 non
387 3075 473 3121 obscuri
487 3082 551 3122 erant
568 3077 661 3132 Romae,
677 3083 700 3122 et
715 3091 729 3122 e
742 3076 784 3121 arri
803 3076 887 3122 toribus
896 3075 992 3121 externis

158 3135 203 3180 tius
225 3134 329 3185 harrrerit,
348 3148 414 3194 quam
437 3140 528 3180 auctore
551 3135 647 3180 ludaico.
679 3135 764 3180 Verum
783 3091 826 3179 iioc
845 3148 932 3194 quoque
951 3147 993 3234 pro
1053 3151 1055 3166 ⁴

149 3193 211 3239 acilo
224 3192 303 3244 diram,
318 3207 362 3238 non
380 3192 455 3238 omnia
474 3207 524 3238 earn
544 3207 587 3254 pro
606 3193 672 3239 certis
686 3194 783 3247 tradere,
799 3193 837 3236 sed
853 3205 910 3250 quae
925 3205 953 3234 vu
964 3204 993 3245 go

124 3252 276 3305 traderentur,
291 3251 313 3295 in
322 3250 475 3312 compendium
491 3259 601 3308 congesta,
618 3252 737 3296 lectoribus
753 3263 877 3310 proponere
887 3248 990 3293 voluisse.

125 3311 187 3356 hate
197 3313 268 3354 torum
278 3308 335 3354 hune
347 3310 418 3354 lorum
434 3319 549 3355 exaecatur
564 3317 597 3355 est
612 3310 693 3355 carisa
708 3307 827 3360 wormius,
842 3307 864 3351 in
875 3305 992 3364 Corruptis

126 3367 293 3428 Antiquitatum
313 3367 367 3412 aba.
387 3367 446 3426 apud
466 3368 569 3414 Tacitum
592 3375 615 3412 et
640 3367 744 3414 Martial.
766 3364 870 3422 vestigiis.
895 3363 992 3410 Halalae

126 3429 191 3473 1693.
223 3425 284 3474 Em.
314 3425 412 3486 Egregie
426 3425 493 3472 etiam
509 3426 551 3472 ista
566 3426 686 3480 illustrarit
702 3422 824 3481 Broterius,
839 3428 864 3468 ut
878 3421 944 3468 inira
