2158 3820
112 183 238 233 ausu
344 183 415 232 mu.
441 184 514 232 xiv.
565 183 642 234 car.
668 167 836 236 31.-33.
935 167 985 236 25
1050 165 1054 174 ’

114 341 195 397 nulle
220 341 320 420 palam
338 355 469 410 sauses„
480 341 629 412 delapsum
652 341 848 400 Camuloduni
871 340 987 400 simuls-

113 454 193 495 erum
211 436 377 504 Victoriae,
400 455 436 494 so
461 443 538 494 relro
561 455 744 504 conversum,
766 441 849 515 quasi
867 443 988 498 cederet

113 536 256 593 hostibus.
300 537 339 594 El
353 535 480 592 feminee
493 535 525 593 iu
540 537 663 594 furorem
679 537 986 606 retusaeadcssesx'n

113 635 191 704 lien,
226 638 385 694 uouebant.
441 636 644 710 Exleraosque
677 637 808 696 fremitus
842 639 872 696 iu
905 637 987 696 eurio

114 753 212 795 eorum
246 737 381 804 nuditum
415 736 605 792 oonsouuisse
638 737 794 794 ululatibus
834 738 987 808 lbealrum,
1056 757 1057 766 ¹

114 835 267 909 visamque
299 833 428 907 speeiem
449 834 481 890 iu
503 833 646 890 aestuario
667 834 816 892 Tamesae
830 841 986 895 subversus

115 935 268 1002 eolouiae3
303 934 363 990 iarn
391 933 543 990 Oceanum
570 941 692 990 oruenlo
719 935 880 1006 adspeolu3
915 937 987 994 rlile·

115 1033 203 1090 beule
224 1043 319 1097 sessu,
339 1032 531 1088 bumanorum
550 1048 702 1104 cornorum
727 1033 836 1106 effigies
859 1034 986 1104 reliolnr,

113 1137 145 1189 ut
167 1131 306 1188 Britanni
328 1131 365 1186 sd
392 1147 484 1202 spem,
498 1129 540 1186 ila
554 1130 685 1188 veterani
700 1133 736 1188 ad
762 1139 868 1190 melum
894 1135 987 1192 lrsbe·

115 1231 194 1288 boul.
239 1231 312 1293 Sed,
326 1229 393 1302 quia
408 1230 506 1299 procul
523 1229 678 1286 Suetonius
692 1231 800 1298 uberat,
815 1233 948 1304 pelivere
968 1249 986 1290 a

113 1329 190 1388 Gelo
221 1328 368 1392 Bouiano,
396 1327 594 1394 Procuratore,
627 1327 777 1386 auxilium.
820 1331 874 1388 llle
909 1331 987 1397 baud

111 1428 246 1498 emplius,
281 1443 369 1500 quam
408 1426 558 1490 ducentos,
591 1424 655 1482 siue
688 1426 771 1484 iustis
804 1428 900 1496 ermis,
935 1427 987 1486 mi·

112 1527 168 1584 sil:
189 1533 220 1582 el
235 1526 332 1582 inerat
356 1524 470 1582 morlinu
495 1524 618 1580 militum
640 1543 750 1582 manus.
792 1527 901 1584 Tutela
916 1505 987 1584 lem-⁵

112 1626 154 1700 pli
183 1624 262 1690 beli,
290 1629 322 1679 et
348 1623 575 1695 inpedientibus,
601 1623 651 1697 qui
677 1625 794 1682 oooulle
820 1625 987 1684 rebellionis

114 1723 239 1788 mosell,
254 1722 557 1801 consilianturbebanb
581 1739 674 1795 neque
695 1722 799 1778 lossnm
813 1729 862 1780 sol
877 1726 987 1782 vellum

112 1826 343 1898 praeduxeruub
356 1839 459 1895 neque,
473 1821 558 1878 molis
572 1820 690 1878 senibus
705 1825 735 1877 et
748 1821 873 1888 lerninis,
886 1823 988 1882 iuven·

114 1928 160 1980 lus
182 1924 247 1978 sola
271 1919 396 1976 restilit:
416 1919 497 1994 quasi
512 1919 609 1976 media
633 1935 706 1992 paoe
726 1913 989 1988 innau1i‚mullilu·'

113 2021 184 2078 diue
213 2022 399 2076 barbarorum
431 2016 709 2074 circumveniuntur.
751 2019 789 2075 El
808 2025 907 2078 eslere
927 2022 987 2096 qui·

113 2121 182 2176 (lem
196 2119 310 2192 impetu
329 2117 451 2189 direpta,
470 2123 519 2174 nul
538 2117 659 2174 incensa
682 2121 764 2174 sunl:
786 2121 934 2192 lemplum,
954 2119 987 2178 iu

112 2236 170 2294 quo
180 2236 213 2274 se
226 2217 313 2274 miles
326 2215 564 2289 conglobaverat,
582 2213 670 2271 biduo
681 2217 829 2274 obsessum
840 2235 988 2292 expugna·

114 2323 245 2392 tumque.
299 2315 338 2372 El
365 2313 461 2370 vietor
478 2313 643 2370 ‘Brilanuus
663 2313 770 2370 Pelilio
793 2314 912 2382 Ceriali,
933 2317 988 2374 Le-

113 2423 183 2491 galo
198 2414 325 2488 legionis
340 2429 444 2479 nonae,
457 2411 489 2469 iu
503 2412 662 2469 subsidium
676 2412 850 2470 edreulsuli
871 2413 987 2484 obvius,

112 2517 187 2574 ludit
212 2514 369 2588 legionem,
383 2517 422 2578 et,
436 2511 511 2585 quod
526 2509 665 2582 perlitum,
690 2509 845 2572 interfecit.
887 2511 987 2570 Ceria-

114 2615 150 2672 lis
178 2629 247 2670 oum
272 2610 416 2685 equilibus
443 2608 540 2666 evasit
562 2608 594 2666 in
621 2613 717 2665 eastre
744 2613 775 2664 et
798 2609 986 2670 munimentis

113 2713 320 2772 defensasset.
363 2708 429 2780 Qua
450 2709 544 2773 elude,
559 2711 589 2762 et
602 2705 678 2764 odiis
701 2706 880 2778 provincius,
900 2727 986 2786 quam

114 2810 243 2870 svnrilis
259 2808 292 2864 iu
305 2809 413 2864 bellum
432 2810 541 2880 egerat,
556 2805 684 2877 trepidus
708 2804 881 2864 Procurator
894 2809 986 2866 Galus

112 2911 145 2968 in
160 2907 292 2967 Gelliam
312 2904 434 2962 transiit.
475 2905 518 2962 At
543 2903 699 2961 Suetonius
724 2904 796 2960 mira
818 2903 1039 2966 eouslaulia33

143 3060 280 3121 ueniere]
297 3062 388 3106 Arnest
396 3057 985 3127 munimentumfirmemeulumssder.snrrssxsrrns,

113 3131 175 3178 unde
184 3131 209 3175 lt
218 3128 313 3187 impetus
322 3123 490 3172 dominantium.
510 3123 542 3170 El
551 3122 609 3167 forte
614 3121 712 3182 respexit
717 3121 808 3168 'l'seilus
815 3125 843 3170 ad
853 3126 926 3172 locum
936 3128 983 3174 Cic.

113 3191 138 3236 in
150 3189 226 3235 Pisou.
236 3191 258 3233 b.
269 3187 375 3242 bmnium
383 3183 446 3230 illud
452 3183 507 3239 suit
515 3196 559 3227 ure
569 3179 652 3227 dolum
660 3179 807 3236 perditorum,
818 3215 824 3226 .
836 3215 842 3226 .
855 3217 859 3225 ,
871 3187 984 3232 castellum

102 3245 339 3306 jarenlszlarroeinii.
369 3241 543 3289 similimum
557 3229 616 3285 ‘ulem
630 3238 769 3298 aliquorum
782 3239 807 3308 jn
823 3239 931 3288 verrinis.
942 3254 985 3304 pro

111 3307 193 3363 Liger.
212 3309 235 3352 7.
254 3302 320 3350 simili
342 3315 406 3350 seusu
424 3300 502 3350 ulrice
520 3299 603 3346 dieitur
619 3311 663 3345 uro
685 3299 854 3354 provinciarum
873 3299 982 3346 omnium.

116 3365 181 3412 Em.

157 3479 230 3522 rou.
251 3480 284 3519 11.
387 3509 389 3516 .
561 3477 564 3482 ·
600 3453 620 3508 3
