2100 3816
98 196 169 263 tut
383 209 637 260 rrrsnonrrnrrr
817 209 960 260 numa

15 413 16 426 ,
94 373 169 424 ‘una
181 367 285 424 cohors
298 368 396 439 togata
410 365 541 422 defendit
555 381 633 421 nunc
648 363 785 431 Galbam,
809 366 862 422 sed
888 361 960 420 deti-

95 469 172 524 ‘net
195 465 270 524 (lum
281 481 334 521 vos
345 463 519 536 adspexerit,
529 480 595 520 cum
605 463 719 536 signum
731 479 827 520 meum
842 481 962 538 accepe-

92 547 160 630 3rit,
173 564 229 621 boc
243 565 335 620 solum
346 562 401 620 erit
415 569 572 628 certamen,
587 561 650 634 quis
664 561 736 618 mibi
751 561 905 634 plurimum
920 564 960 620 in·

94 666 203 736 ‘putet
245 663 272 719 N
276 663 350 719 ullus
373 659 553 717 cunctationi
568 661 649 716 locus
663 665 707 716 est
722 660 752 717 in
777 678 814 717 eo
828 660 960 730 consilio,

96 763 188 836 ‘quod
209 779 268 818 non
293 764 385 832 potest
413 759 533 824 laudari,
561 757 620 814 nisi
647 757 815 830 peractum!
859 759 960 833 Aperi·

96 877 127 918 re
150 859 256 917 deinde
278 859 528 916 armamentarium
542 857 635 914 iussit.
657 863 739 930 rapta
759 858 860 914 statim
876 875 961 925 arma,

96 957 159 1016 sine
187 975 266 1015 more
289 964 318 1014 et
345 955 446 1014 ordine
473 956 605 1022 militiae,
626 962 657 1012 ut
692 956 894 1031 praetorianus
914 961 961 1014 aut

95 1059 270 1130 legionarius
283 1055 444 1130 insignibus
458 1055 516 1111 suis
540 1053 783 1127 distingueretur:
804 1055 962 1113 miscentur
986 1083 989 1086 ·

95 1139 283 1213 auxiliaribus
313 1155 405 1228 galeis
437 1154 593 1228 scutisque.
636 1153 728 1210 Nullo
761 1153 960 1211 Tribunorum

96 1253 345 1311 centurionumve
370 1253 550 1319 adhortante,
575 1251 632 1308 sibi
657 1250 776 1326 quisque
800 1253 862 1308 dux
877 1252 961 1310 etin·

96 1351 232 1425 stigator:
254 1357 284 1409 et
309 1351 492 1424 praecipuum
514 1350 703 1422 pessimorum
730 1350 962 1419 incitamentum,

44 1467 85 1526 39
96 1451 171 1525 quod
184 1449 253 1508 boni
273 1451 449 1506 moerebant.
491 1450 553 1506 lam
578 1448 733 1506 exterritus
758 1447 828 1504 Piso
850 1449 963 1507 fremitu

95 1550 304 1608 crebrescentia
328 1547 488 1616 seditionis,
510 1553 539 1603 et
560 1547 680 1604 vocibus
694 1545 725 1603 in
747 1548 851 1604 urbem
876 1565 963 1622 risque

96 1649 305 1712 resonantibus,
327 1663 472 1720 egressum
496 1645 612 1702 interim
635 1645 769 1709 Galbam,
791 1651 822 1702 et
841 1647 906 1702 loro
919 1647 964 1704 ad·

96 1747 346 1820 propinquantem,
359 1747 512 1802 adsecutus
536 1751 616 1800 erat:
639 1744 697 1800 iam
722 1743 834 1800 Marius
859 1745 962 1802 Celsus

97 1843 172 1903 baud
199 1846 276 1900 laeta
300 1845 451 1899 retulerat:
472 1859 539 1900 cum
567 1841 627 1908 alii,
652 1839 683 1898 in
700 1840 842 1918 palatium
862 1842 963 1911 redire,

96 1941 157 2006 alii,
180 1939 340 2015 capitolium
362 1947 462 2014 petere,
496 1941 634 2014 plerique,
667 1946 775 1996 rostra¹
794 1941 964 2017 occupando,

97 2045 258 2105 censerent,
281 2041 375 2110 plures
400 2045 510 2095 tantum
532 2037 685 2094 sententiis
708 2038 830 2095 aliorum
850 2046 963 2098 contra·

32 2167 37 2177 ·
64 2195 68 2215 ,
97 2137 237 2204 dicerent,
264 2141 350 2209 utque
364 2137 465 2192 evenit
491 2136 520 2192 in
548 2135 679 2191 consiliis
700 2135 876 2204 infelicibus,
890 2139 963 2211 opti-

63 2220 67 2239 ³
95 2253 143 2295 ma
179 2235 355 2299 viderentur,
387 2251 505 2306 quorum
540 2239 652 2304 tempus
686 2233 836 2306 effugerat.
894 2236 965 2310 Agi-

97 2340 173 2392 tasse
188 2335 278 2400 Laco‚
292 2333 393 2406 ignaro
407 2332 511 2396 Galba,
523 2333 559 2387 de
574 2332 737 2388 occidendo
754 2333 793 2388 Τ.
815 2333 912 2390 Vinio
925 2335 966 2392 di·

97 2433 181 2499 citur,
194 2433 258 2489 sive
277 2437 307 2488 ul
323 2448 415 2502 poena
439 2429 500 2486 eius
526 2430 637 2487 animos
664 2430 786 2486 militurn
813 2435 965 2500 mulceret,

97 2549 147 2590 seu
162 2531 310 2589 conscium
336 2529 460 2588 Othonis
481 2514 627 2597 credebat,
651 2531 687 2585 ad
712 2535 900 2601 postremum,
918 2533 965 2589 vel

97 2721 158 2753 rana.
192 2704 297 2764 Appellat
314 2703 371 2750 enim
391 2704 432 2759 ite,
452 2703 515 2748 velut
533 2703 623 2749 elevans
641 2708 665 2749 et
683 2704 801 2758 infirmans,
819 2703 873 2764 quia
889 2705 965 2762 moris,

98 2772 123 2812 ut
138 2764 176 2810 ille
191 2764 277 2817 cohors,
295 2777 352 2823 quae
369 2777 430 2808 more
449 2761 544 2809 militiae
560 2763 690 2819 excubabat,
706 2763 800 2823 idipsum
817 2765 903 2810 laceret
919 2766 966 2810 sine

98 2823 171 2878 armis,
189 2821 268 2880 gladiis
287 2827 372 2867 tantum
393 2821 516 2880 lanceisque
535 2827 645 2866 contenta.
679 2823 756 2881 ltaque
775 2826 798 2867 et
818 2823 876 2882 togis
893 2823 967 2870 induti

98 2887 170 2936 erant,
188 2894 232 2926 non
251 2880 314 2937 sagis.
347 2879 476 2926 Modestiae
495 2894 570 2924 caussa
591 2879 713 2926 institutum
731 2881 753 2925 id
775 2881 880 2939 videtur3
901 2891 924 2927 et
939 2896 966 2928 ne

98 2941 164 2989 Mars
182 2939 256 3000 palam
276 2938 379 2984 babitare
398 2937 511 2983 videretur
530 2938 552 2983 in
571 2954 610 2984 sua
630 2940 690 2985 urbe.
722 2939 774 2985 Huc
790 2945 887 3000 spectat,
906 2941 966 3001 quod

97 3001 153 3047 inira
171 2998 233 3057 legis,
248 3002 349 3054 apertum
367 2997 393 3042 in
412 2997 487 3042 sustris
506 2999 703 3044 nnnnmentnrr'um
713 2998 798 3054 suisne,
813 3005 878 3055 rnptn
893 3013 964 3046 om.

92 3073 190 3121 *quonum
205 3056 289 3102 scilicet
305 3070 414 3101 armornm
431 3070 474 3100 non
491 3055 518 3100 iis
536 3056 603 3114 vulgo
620 3057 652 3104 ius
669 3066 708 3104 aut
725 3071 783 3112 usus,
799 3058 841 3103 nisi
858 3058 964 3104 Tribunis

97 3125 136 3164 aut
147 3117 262 3162 Praefecto
272 3116 420 3174 permittente.
452 3113 513 3168 [ripa.

127 3193 222 3261 Signum
237 3191 319 3292 marcrad
351 3190 388 3236 Ne
403 3191 445 3234 boc
458 3191 558 3257 ¹accipies
574 3193 602 3238 de
617 3193 707 3240 vexillo.
739 3193 830 3250 Signum
854 3194 965 3256 estquod

97 3251 265 3308 nulgodrcrmus
281 3248 305 3294 Τ
319 3249 403 3292 encra.
435 3247 486 3292 Vrd.
501 3251 579 3295 rinnel.
592 3251 656 3297 Xlll.
669 3255 690 3298 2.
722 3252 786 3298 Brot.

127 3328 185 3380 Quia
195 3327 251 3371 mitt
262 3325 388 3382 plurimum
401 3324 501 3383 imputet]
536 3327 623 3372 Dictum
632 3329 767 3388 exquisitius,
778 3345 916 3392 consequens
925 3346 966 3394 pro

98 3387 250 3436 antecedente,
267 3385 308 3428 boe
322 3397 397 3426 sensu:
409 3381 466 3486 guis
481 3397 522 3440 pro
535 3397 571 3432 ute
584 3387 657 3436 acrius
671 3389 826 3438 contendendo
835 3391 927 3450 fficiam
942 3397 968 3439 ul

99 3445 178 3506 eiplus
188 3442 288 3499 debeam.
318 3440 379 3488 Em.
428 3441 444 3488 i.
455 3454 474 3487 c.
485 3445 520 3488 55.
