2100 3816
111 153 182 224 ild
422 174 605 258 aaranrvrr
655 161 658 166 '
829 177 859 225 a
876 175 907 225 u.
923 177 976 226 em.

106 327 296 388 ambitionem
316 335 584 402 praepararemur
607 329 705 402 Eques
729 327 878 386 Romanus
897 329 976 388 Gen·

105 428 246 486 mtartbue
262 428 391 501 putentia
405 435 583 502 aequaretur.
604 429 689 486 simul
709 427 905 502 adquirendae
926 445 974 501 pe·
1034 449 1035 512 l

105 527 212 584 euuiae
226 527 343 584 brevius
353 527 409 584 iter
420 528 566 594 eradebat,
577 544 628 600 per
638 526 854 600 praeurationea
864 527 974 584 admin·
1034 513 1035 530 ¹

106 625 242 684 latrandia
257 625 400 699 Principia
423 625 557 699 negotiis.
600 627 683 684 idem
706 629 861 684 Annaeum
877 627 970 684 Lues-
1034 637 1035 702 l

106 741 177 784 num
187 731 335 798 genuerat,
348 725 458 800 grande
479 724 678 780 adiumentum
701 723 894 782 claritudinis.
915 741 973 798 qno
1034 719 1035 796 l

105 823 269 891 interleetm
289 825 357 882 dum
379 839 440 880 rem
463 821 635 880 familiarem
650 823 712 880 eius
726 823 831 880 aeriter
844 823 972 896 requiri-t,
1034 887 1035 894 ἵ

106 923 306 980 adnuntiarem
332 922 463 980 eoneivit
479 921 603 979 Fabium
613 921 784 986 uenenum,
797 939 837 978 ex
858 921 970 978 intimis

106 1022 221 1081 Lueani
246 1021 358 1080 amieis.
399 1020 515 1078 ‘iliata
525 1020 602 1078 inter
615 1027 726 1093 patrem
739 1020 885 1094 liliumque
900 1037 970 1078 enn-

105 1121 275 1194 ‘jurationie
288 1120 412 1178 seientia
426 1117 559 1194 teglae?
573 1118 751 1176 adsimulatis
765 1119 879 1176 Luesui
894 1119 971 1176 litte·
1034 1161 1035 1182 2

105 1217 153 1276 rie.
167 1219 395 1294 quaeinspeetaa
421 1220 502 1276 Nero
512 1215 592 1296 semi
611 1215 652 1274 ad
672 1233 735 1274 eum
747 1217 839 1283 iussit,
861 1217 967 1290 upibua

106 1317 168 1374 eius
192 1317 318 1375 inlriana.
361 1319 403 1376 At
431 1315 531 1384 Mella,
562 1333 636 1390 quae
663 1323 724 1374 turn
752 1315 967 1389 promptissima

105 1417 205 1475 morlia
220 1416 277 1483 via,
298 1416 426 1474 exsolvit
440 1432 549 1472 venae:
570 1415 686 1488 seriptis
700 1415 854 1481 eodieillis‚
868 1416 971 1490 quibua
1034 1423 1035 1490 g

105 1517 243 1591 grandem
259 1515 411 1588 peeuuianr
426 1514 456 1572 in
472 1514 663 1588 Tigellinum,
688 1531 882 1588 generumque
896 1515 969 1581 eius,
1034 1505 1035 1568 3

105 1615 310 1673 Cossutianum
335 1613 518 1686 Capitonem,
542 1615 688 1687 erogabat,
712 1630 768 1687 que
790 1622 890 1670 netem
910 1630 971 1672 rna·
1034 1589 1035 1668 Ϊ

54 1695 57 1702 “
105 1719 219 1770 nerent.
262 1713 389 1770 Additur
408 1711 562 1778 eodieillis,
587 1717 730 1785 tamquam
753 1712 791 1768 de
816 1711 970 1785 iniquitate
1034 1785 1035 1800 ἵ

104 1810 191 1867 exitii
205 1827 336 1884 querens,
355 1810 396 1866 ita
409 1809 580 1882 scripsisse:
602 1817 652 1868 ‘se
666 1811 782 1884 quidem
796 1809 872 1868 muri
882 1809 969 1868 nullis
1034 1867 1035 1872 ,

104 1908 257 1980 ‘supplieii
270 1909 401 1978 eaussis;
424 1910 537 1968 Rulium
558 1914 656 1966 autem
671 1908 837 1980 crispinum
850 1915 882 1966 et
899 1909 970 1966 Ani·
1034 1909 1035 1960 i

105 2006 201 2063 ‘elam
226 2006 379 2064 Cerialem·
401 2007 462 2064 vita
487 2009 550 2072 lrul,
573 2007 701 2064 intensus
726 2005 877 2080 Principi'
896 2025 970 2081 quae

104 2105 266 2180 composite
279 2107 488 2175 credebantur3
509 2108 546 2164 de
561 2106 707 2178 Crispino,
717 2106 784 2176 quia
796 2105 970 2186 interiectus

104 2209 176 2272 erut,
189 2206 226 2264 de
252 2205 379 2270 Ceriale,
393 2210 424 2262 ut
436 2205 654 2262 interficeretur.
679 2204 866 2278 nequeenim
881 2207 972 2262 mulla
1034 2221 1035 2298 q

105 2310 171 2378 pest
185 2304 245 2362 rim
255 2304 311 2362 sibi
324 2304 437 2370 adtulit,
449 2303 559 2360 minore
573 2320 658 2376 quam
669 2302 761 2360 eeteri
775 2301 970 2372 miseratione,

74 2399 75 2402 ’
105 2404 173 2477 quia
186 2405 329 2477 proditam
344 2404 378 2461 G.
391 2401 513 2460 Caesari
526 2399 757 2459 coniurationem
770 2402 807 2456 ab
820 2417 858 2458 en
871 2401 972 2460 metui·
1034 2407 1035 2482 J

55 2497 219 2559 itinerari.
261 2503 309 2560 De
322 2501 358 2560 C.
374 2501 513 2559 Petronio
527 2517 618 2572 panea
628 2504 713 2572 aup'ra
724 2501 884 2572 repetenda
894 2505 971 2558 aaut.
1034 2507 1035 2574 l

106 2599 243 2658 Namilli
265 2600 328 2656 dies
353 2617 404 2672 per
427 2615 568 2663 somnum,
592 2615 651 2656 nox
673 2597 776 2656 offieiia
799 2599 971 2658 etobleela·
1034 2589 1035 2668 l

105 2697 211 2754 mentia
223 2697 302 2753 vitae
317 2697 543 2769 transigebatur:
566 2703 653 2770 utque
672 2697 745 2753 alios
758 2696 911 2765 industria,
928 2697 971 2756 ila

104 2795 182 2852 hune
196 2795 315 2868 ignavia
328 2796 364 2851 ad
378 2794 482 2852 lamam
498 2797 671 2869 protulerat:
685 2795 900 2868 habebaturque
911 2814 971 2856 neu

103 2898 250 2968 genebat
282 2893 454 2967 profligator,
475 2901 506 2952 ut
537 2893 666 2968 plerique
689 2910 741 2950 sua
765 2893 972 2964 haurientium,

103 2993 156 3048 aed
169 2991 282 3048 erudito
305 2993 383 3049 luxu.
426 2994 473 3050 Ae
487 2991 567 3050 dieta
580 2991 713 3067 laetaque
726 2990 788 3050 einr
802 2998 913 3066 quanto
927 3011 973 3052 aa·

132 3183 225 3230 Grande
242 3185 397 3242 adjumentum
416 3185 569 3247 elumtndmia]
600 3185 666 3232 Haec
681 3183 773 3232 audiant
783 3185 868 3232 Iuram
884 3201 973 3247 esem,

101 3257 184 3303 eoaque
206 3243 351 3289 eonvitiorum
365 3243 467 3303 pudeat.
499 3243 559 3290 Novi
583 3244 686 3304 equidem
712 3244 859 3290 adolescentis
879 3255 973 3306 poetae,

101 3301 176 3364 patrui
186 3301 308 3367 aetatisque
318 3317 371 3347 suae
381 3301 468 3349 auribus
478 3302 541 3348 nimis
556 3302 723 3360 annumerandam,
740 3302 808 3360 riria3
824 3303 864 3348 aed
874 3308 974 3362 grandes

101 3373 184 3464 elerngqrs,
194 3364 271 3406 vetere
279 3361 354 3407 Roma
362 3359 447 3418 dignm,
458 3367 482 3407 et
495 3360 640 3407 fecundandis
654 3360 746 3420 ingeniis
756 3361 851 3420 habiles,
862 3365 972 3424 auspiciu.
