2090 3838
99 196 129 244 a
147 193 176 244 c.
193 198 226 246 rc.
316 195 386 244 ura.
413 195 450 244 u.
501 196 580 246 esr.
605 175 781 246 nc-ot..
899 177 968 246 2³1

98 348 235 416 Othonis,
261 365 318 424 quo
345 348 528 416 laudabilior,
555 367 591 406 eo
619 350 750 408 velocius
779 349 887 410 audita.
930 345 1025 410 Atti

98 446 213 506 Rornae
238 449 312 506 nihil
333 448 553 524 trepidationis:
576 449 713 508 Cereales
739 448 798 506 ludi
825 467 863 506 ex
892 465 973 508 more

98 549 317 619 spectabantur.
337 548 401 604 ‘Vt
415 547 539 607 caecinae
554 547 615 605 vita
628 549 785 615 Othonem,
793 553 823 604 et
834 565 852 604 s
864 547 975 606 Fluvio

99 646 239 712 ‘Sabinu
254 647 409 704 Praefecto
421 647 509 714 urbis,
528 648 605 720 quod
624 653 687 704 erat
701 646 734 704 in
757 649 826 704 urbe
847 647 973 706 rnilitum

99 747 304 805 ‘sacramento
317 744 438 802 Vitellii
449 744 602 812 adactum,’
616 745 688 802 certi
703 751 835 802 auctores
848 745 878 802 iu
894 745 975 804 thes·

101 846 177 904 trum
213 845 391 910 adtulerunt,
423 841 537 900 Vindio
571 846 721 918 plausere:
757 845 878 917 populus
908 859 975 902 cum

101 942 183 1001 lanu
197 959 234 1000 ac
248 942 367 1000 floribus
381 943 495 1004 cdere
517 943 659 1016 imagine:
674 943 785 1002 circum
805 944 913 1014 templa
934 949 976 998 tu-

100 1039 146 1107 lit.
170 1041 321 1114 congestis
350 1041 382 1100 in
410 1043 526 1102 mulum
557 1043 659 1101 tumuli
684 1042 808 1108 coronis,
830 1042 910 1098 iuxta
936 1043 975 1098 la·

101 1157 167 1202 cunt
194 1139 310 1205 Curtii,¹
328 1157 414 1216 quem
434 1143 531 1198 iocum
553 1139 649 1198 Galba
678 1140 806 1200 moriens
830 1139 973 1214 :anguine

102 1237 255 1298 infecerat.
297 1240 333 1296 ln
362 1240 473 1296 Senatu
493 1243 611 1306 cuncta,
631 1239 726 1314 longis
748 1239 869 1298 aliorum
892 1239 975 1298 Prin·

102 1337 247 1410 eipatibus
271 1336 443 1410 composita,
469 1317 567 1397 statirb
588 1337 792 1398 decernuntur.
844 1338 974 1398 Additac

99 1451 168 1511 argu
180 1435 368 1496 (inmaturae
380 1433 515 1494 andins
541 1433 639 1497 laudea
657 1440 816 1512 grute-:prta¹
837 1442 867 1492 et
887 1436 975 1495 mirra

101 1535 224 1609 legatio,
259 1549 333 1606 quse
353 1534 460 1610 gaudio
481 1534 656 1608 iungeretur.
709 1535 863 1592 Recitator
887 1533 975 1592 Fabii

99 1631 244 1720 ⁸Valentia
258 1633 410 1706 epistolae,
423 1635 466 1692 ed
475 1634 618 1714 Consule:
640 1632 766 1706 scriptae
787 1632 862 1690 haud
884 1631 975 1690 inmo
1035 1667 1036 1714 p

101 1733 220 1794 delate:
243 1732 352 1804 gratior
381 1732 530 1790 Caecinae
555 1732 697 1792 modestia
727 1731 793 1797 tuit,
815 1731 890 1806 quod
915 1747 974 1788 uon

99 1831 275 1906 scripsisset.
317 1830 454 1888 Ceterum
481 1830 567 1891 ltalia
587 1831 704 1904 grauius
724 1836 821 1906 atque.
835 1830 973 1898 atrocius,
986 1832 1026 1888 56

100 1947 187 2004 orum
212 1930 291 1989 bello
313 1928 523 1990 adflictabatur.
543 1928 667 2002 dispersi
685 1947 736 2003 per
761 1929 921 2003 municipia
941 1935 973 1988 et

101 2027 238 2090 coloniae
266 2025 432 2092 Vitelliani,
463 2027 598 2098 spoliare,
625 2043 736 2101 rapere,
761 2029 792 2086 vi
813 2036 843 2088 et
867 2028 972 2101 stupri:

102 2128 254 2200 polluere:
275 2125 305 2188 in
325 2142 412 2188 omna
432 2125 475 2182 ias
499 2125 636 2200 nefasque
659 2126 740 2184 avidi
764 2138 814 2184 aut
841 2129 974 2191 venales,

101 2241 163 2285 nun
192 2239 284 2290 sacro,
312 2241 370 2288 uon
404 2223 524 2297 protana
562 2225 754 2284 abstinebant.
819 2225 858 2285 Et
887 2225 976 2291 tuere,

101 2321 152 2398 qui
187 2321 325 2382 inimicos
357 2339 433 2390 uuor,
466 2323 566 2397 :pecie
596 2324 731 2390 militum,
762 2322 971 2381 interficerent.

101 2421 222 2496 ipsique
255 2420 373 2488 milites,
405 2421 555 2495 regionum
587 2423 680 2496 goari,
719 2421 839 2481 reiertoa
878 2437 972 2496 agros,

100 2520 181 2578 dites
213 2519 356 2588 dominor,
388 2519 420 2578 in
453 2522 598 2592 praedam,
630 2525 691 2588 aut,
723 2520 749 2578 ei
782 2525 972 2594 repugnatum

99 2619 186 2686 toret,
212 2617 411 2678 adexcidium
438 2620 645 2678 destinabant:
666 2617 802 2678 obnoxiis
830 2618 974 2689 Ducibus,

102 2722 135 2774 et
153 2716 306 2791 probibere
320 2735 379 2774 nou
400 2717 487 2776 ausit.
508 2718 602 2776 minua
623 2718 764 2778 avaritiae
778 2718 810 2778 iu
833 2717 973 2786 Caecina,

102 2817 168 2890 ptus
194 2814 378 2880 ambitionis:
398 2817 523 2886 Valens,
543 2817 582 2874 ob
606 2819 686 2876 lucra
715 2823 745 2876 et
765 2823 900 2892 quaestu:
928 2818 972 2878 in·

103 2914 201 2982 famia,
233 2932 325 2989 eoque
355 2915 470 2972 alienae
503 2915 594 2973 etiam
625 2918 730 2990 cnlpae
763 2916 969 2978 dissimulator.

106 3014 173 3078 lam
200 3012 311 3086 pridem
325 3013 438 3072 adtritis
462 3013 567 3072 ltaliae
591 3015 684 3082 rebus,
707 3019 819 3076 tautum
840 3017 970 3090 peditum

103 3113 300 3189 equitumque,
326 3113 383 3179 via,
408 3113 580 3187 damnaque,
600 3094 783 3180 etsiniuriae.
797 3131 882 3188 aegre
904 3115 975 3173 tole·

100 3215 248 3272 rabuntur.
276 3211 398 3272 Interim
412 3211 561 3280 Vitellius,
584 3212 725 3272 victoriae
753 3227 822 3270 auae
847 3200 1023 3276 uescina-‘⁵7

102 3317 136 3374 ut
155 3312 193 3370 ad
220 3311 363 3386 integrunt
384 3310 503 3378 bellum,
526 3311 650 3386 reliquae
670 3307 840 3368 Germanici
861 3309 972 3364 exerci-

103 3414 150 3470 tu:
171 3408 251 3468 vireo
275 3409 417 3468 trahebat.
458 3407 548 3466 Pauci
570 3411 702 3466 veterum
726 3402 852 3486 militum
874 3401 906 3456 in
930 3401 972 3454 hi-
