2138 3818
87 159 152 210 ac.
166 164 204 210 aa
293 155 368 208 arr.
394 159 466 210 xrs.
516 161 596 212 oar.
622 109 811 220 zib-30(
910 147 960 218 2³

87 314 256 396 tastamenti
298 315 398 374 verbis
438 279 605 376 ambitionis
637 317 815 376 minitatur.
851 319 959 394 quippe

86 417 174 472 multa
187 415 220 472 in
235 415 390 472 Neronem
402 415 570 474 admotione
588 417 711 482 addidit,
729 414 960 478 alcumena·

83 510 255 588 prmiaciam
275 512 374 590 flasse
396 511 425 570 ai
449 511 560 572 asma
579 512 709 591 patna
733 507 855 574 abiam
897 518 958 578 Sed

85 617 143 670 tmn
157 613 311 670 Paullinas
327 611 484 672 Suetonius
503 614 655 672 obtinebat
674 615 845 681 Britannos.
864 615 958 674 acien-

87 711 127 768 tia
155 711 282 770 militiae
308 717 340 768 et
367 728 479 769 rumore
503 712 612 786 populi,
637 713 688 788 qui
717 713 865 772 neminem
892 715 957 774 sine
994 785 999 796 ν

85 812 202 867 aemulo
229 809 310 876 sinit,
334 809 507 885 Corbulonis
528 817 729 870 concertator:
765 818 956 886 receptaeque

88 909 249 966 Armeniae
262 911 352 966 &aas
366 927 499 983 aequare,
511 910 629 968 aonias
652 911 856 983 perduellibus,
876 910 957 984 cupi·

86 1025 149 1064 cns.
190 1006 283 1079 Igitur
311 1007 432 1066 bionum
464 1009 598 1076 insulam,
629 1009 735 1066 incolis
769 1009 897 1068 ualidam
924 1013 956 1070 ct

84 1109 303 1179 receptaculum
336 1094 526 1181 perfugarum,
546 1107 667 1181 adgredi
691 1113 782 1180 parat,
806 1125 954 1183 navesque

82 1203 240 1264 lubricatur
255 1207 342 1278 plano
356 1207 453 1272 alveo,
467 1207 606 1264 adversus
622 1208 711 1264 breve
725 1207 792 1264 liuns
807 1214 837 1264 et
861 1207 955 1266 incer·

83 1309 154 1362 lum.
197 1304 249 1362 Sic
261 1305 359 1377 pedes.
368 1305 481 1379 equites
496 1306 573 1362 vado
581 1304 684 1372 secuti,
693 1312 744 1362 aut
751 1305 869 1364 altiores
878 1305 955 1364 inter

82 1404 185 1483 undas,
217 1404 360 1460 adnantes
394 1403 485 1478 equis,
518 1405 712 1460 transmisere.
763 1405 868 1462 Stabat
902 1421 953 1476 pru
964 1410 1006 1469 30

81 1501 166 1558 litore
180 1500 300 1558 diversa
313 1501 401 1568 acies,
414 1503 505 1560 densa
516 1501 602 1560 armis
612 1501 749 1576 virisque,
760 1501 953 1562 intercurraa·
979 1560 984 1568 ,

83 1601 158 1660 tibus
173 1600 300 1664 leminis,
312 1599 344 1656 in
360 1603 476 1658 modam
491 1601 655 1667 Furiarum,
670 1617 744 1676 quae
762 1606 844 1656 veste
859 1600 953 1670 ferali,
1046 1605 1047 1610 ’

82 1699 211 1755 crinibus
238 1697 373 1764 deiectis,
400 1699 479 1756 laces
514 1699 724 1771 praeferebant.
766 1698 953 1772 Druidaeque

81 1797 203 1864 circum,
228 1814 329 1870 preces
360 1797 446 1864 diras,
469 1798 590 1856 sublatis
610 1800 647 1856 ad
677 1798 790 1854 caelum
810 1797 952 1866 manibus,

83 1896 251 1964 fundentes,
275 1895 407 1952 novitate
421 1897 576 1970 adspectus
600 1899 748 1970 perculere
772 1897 889 1964 milltes,
910 1901 951 1964 ut,

81 1995 162 2068 quasi
176 1994 364 2052 haerentibus
384 1995 529 2062 membris,
544 1995 683 2052 inmobile
697 2011 801 2068 corpus
826 1995 952 2054 vulneri·

82 2095 133 2150 bus
148 2095 330 2166 praeberent.
373 2094 462 2158 Dein,
481 2093 730 2152 cohortationibus
746 2094 847 2158 Ducis,
868 2100 899 2150 et
918 2110 950 2152 se

83 2193 137 2266 ipsi
151 2192 345 2261 stimulantes,
359 2209 397 2250 ne
411 2193 552 2250 muliebre
564 2199 596 2250 et
610 2191 768 2250 lenaticum
782 2209 888 2266 agmen
901 2208 951 2264 pa·

82 2297 246 2358 vescerent,
261 2291 387 2348 inierunt
402 2290 494 2364 signa,
515 2296 702 2364 sternuntque
715 2290 830 2359 obvios,
844 2299 874 2348 et
888 2287 950 2363 igni

80 2407 132 2448 suo
144 2391 314 2448 involvunt.
356 2389 536 2447 Praesidium
547 2390 667 2462 posthac
678 2389 836 2461 inpositum
851 2387 949 2456 victis,

83 2489 235 2564 excisique
263 2487 333 2555 luci,
359 2489 457 2546 saevis
483 2487 735 2562 superstitionibus
761 2488 846 2546 sacri.
880 2505 948 2546 narn

107 2662 200 2710 Monam
219 2661 326 2707 iamlam.
379 2661 527 2719 lntelligenda
542 2660 612 2707 Marm
628 2675 664 2718 ea,
682 2675 739 2722 quae
756 2661 824 2708 bodie
838 2664 875 2708 Aa
892 2664 949 2721 lesep

79 2720 168 2778 diebu,
187 2722 312 2766 diversas
362 2719 713 2777 concremassem.
755 2719 801 2768 lale
817 2723 845 2779 us
890 2722 947 2780 igit.

108 2800 259 2860 Druidaeque
277 2798 375 2857 dream]
417 2799 503 2845 Eadem
522 2799 581 2846 eninr
605 2799 722 2846 Gallorum
742 2805 766 2846 et
791 2799 947 2846 britannorum

80 2858 148 2916 origo,
159 2859 239 2904 eadem
250 2858 386 2918 superstitio.
419 2859 486 2903 Unde
502 2859 594 2904 'facitur
604 2859 626 2904 in
644 2858 707 2904 Vita.
728 2859 801 2915 agric.
813 2857 854 2904 Xl,
868 2857 948 2904 Gallos

80 2917 174 2963 vicinum
191 2917 263 2962 solum
281 2931 401 2976 occupasse
416 2915 523 2962 credibile
541 2921 581 2962 est.
615 2918 696 2962 Eorum
713 2931 774 2962 sacra
785 2915 948 2976 deprehendas,

80 2976 261 3080 irruitur
279 2974 445 3080 saletas
459 2975 688 3080 tribunes:
703 2975 948 3089 rumpat}

82 3092 145 3139 Rom.
160 3068 189 3140 V'
200 3097 222 3139 3.
256 3069 379 3152 rmoetpua
389 3067 464 3138 comm
475 3068 565 3151 piacita,
576 3093 631 3138 deos
642 3105 697 3145 esse,
707 3092 791 3138 anirnaa
800 3106 848 3138 esse
857 3065 947 3157 immor·

80 3151 142 3198 tales.
177 3152 243 3198 Unde
254 3151 350 3196 uraxima
366 3165 443 3196 eorum
461 3151 518 3195 lama
535 3152 592 3211 apud
610 3155 686 3208 gentes
701 3149 842 3208 religionibus
851 3149 947 3202 deditas,

79 3213 102 3255 et
110 3211 196 3270 gloriae
206 3210 293 3257 avidas
323 3210 390 3262 Quod
401 3209 525 3256 luculenter
533 3209 638 3270 exprimit
649 3210 751 3255 Lucanus
767 3208 784 3254 l.
796 3211 846 3256 tib.
