2090 3838
83 165 111 214 s.
127 167 156 216 c
173 171 208 217 rs.
331 165 401 214 ure.
420 165 457 212 u.
507 165 585 214 css.
604 147 662 214 30.
681 147 738 214 ³1.
871 151 944 220 alb

82 321 253 394 proceritate
265 321 405 394 corporis,
418 326 448 378 at
461 321 585 396 quodam
607 321 690 380 inoffi
712 320 822 380 lavore.
864 322 944 384 Hinc

77 421 234 478 aemulatio
250 421 390 478 Ducibus.
431 421 563 478 Caecina
585 427 615 478 ut
634 419 753 498 saarim
772 427 803 480 ut
824 423 945 483 runculo·

80 537 152 588 msa,
177 522 227 578 itte
254 527 286 578 ut
311 536 414 578 vasam
441 535 476 577 oc
500 517 645 588 mm
664 520 840 580 inridebant.
884 521 945 582 Sed

80 621 198 678 condito
210 621 288 688 odio,
301 623 425 678 eandem
440 621 596 678 utilitatem
609 620 719 688 lovere,
739 620 848 678 crebris
872 621 945 694 epin-

80 721 156 788 tolis‚
175 721 238 778 aine
252 729 386 794 reapectu
410 721 525 787 veniae,
550 722 652 794 probra
665 720 777 778 Othoni
798 720 946 780 obiectan-

79 823 140 878 tes:
159 837 225 878 cum
248 821 348 878 Duces
363 821 485 894 partium
499 819 635 887 Othonis,
647 819 780 894 quamsi·
804 819 946 880 uberrima

75 919 276 976 conviciorum
319 919 351 976 io
393 919 547 978 Vitellium
571 918 716 988 ‚matoria
755 920 944 980 abstinerent.

80 1017 157 1076 Sane
170 1025 240 1076 aute
261 1017 406 1092 utriusque
430 1019 552 1086 exitum,
565 1035 622 1094 quo
643 1017 790 1092 egregiam
814 1019 893 1078 Otho
906 1021 945 1078 la·
955 1013 994 1074 31

79 1131 162 1184 mam,
177 1118 318 1175 Vitellius
339 1117 601 1190 flagitiosissimam.
624 1135 760 1186 meruere,
784 1118 877 1178 minus
891 1117 944 1177 Vi·
975 1143 978 1148 ·

78 1216 150 1274 tollii
169 1218 299 1291 masaa
313 1219 487 1288 voluptates,
510 1233 595 1292 quam
613 1217 737 1274 Othonis
760 1217 944 1293 flagrantissi-

78 1327 140 1373 mas
156 1315 294 1372 libidines
308 1315 490 1375 timebantur·
532 1317 695 1376 Addiderat
715 1316 783 1374 huic
806 1323 943 1378 terrorem

78 1420 161 1488 atnoe
175 1415 275 1472 odium
295 1417 401 1472 caedes
422 1416 554 1484 (isthae3
575 1419 677 1473 contra
691 1415 735 1472 illi
757 1417 872 1476 initium
886 1419 944 1475 bal·

77 1497 198 1571 linemo
212 1514 373 1586 inputabat.
413 1514 553 1571 Vitellius
578 1521 682 1574 ventre
697 1521 728 1572 el
753 1518 820 1589 gula
833 1515 890 1572 sibi
903 1515 944 1588 ip·

78 1628 108 1668 ee
122 1613 237 1685 boetica
259 1613 338 1670 Otho
353 1615 431 1680 lusu,
445 1613 579 1680 saevitia,
593 1614 724 1680 audacia,
753 1613 944 1686 Reipublicae

76 1711 227 1768 exitiosior
246 1713 413 1770 ducebatur.
457 1713 631 1770 Coniunctis
659 1712 807 1770 Caecinae
834 1729 870 1770 ac
885 1712 945 1772 Va·

76 1811 164 1868 lentis
190 1811 295 1882 copiis,
323 1813 403 1868 nulla
429 1813 504 1868 ultra
531 1829 621 1885 penes
648 1811 827 1868 Vitellianos
855 1828 943 1890 mora,

76 1911 143 1984 quin
159 1910 228 1967 totis
242 1909 351 1966 viribus
364 1915 519 1967 certarent.
561 1911 640 1967 Otho
659 1911 846 1979 consultavit,
868 1911 945 1970 trahi

76 2008 193 2072 mlum,
214 2026 253 2064 an
273 2009 416 2065 fortunam
440 2007 567 2082 experiri
590 2011 728 2082 placeret.
770 2011 848 2068 'l'um
874 2013 945 2068 Sua·

75 2107 172 2164 tonius
188 2106 347 2170 Paullious.
373 2107 492 2180 dignum
507 2107 583 2164 lama
596 2125 647 2164 sua
672 2115 759 2174 ratus,
777 2126 834 2181 qua
858 2123 945 2166 nemo

75 2205 124 2262 illa
148 2211 323 2278 tempestate
343 2205 475 2262 militaris
502 2205 544 2262 rei
568 2206 702 2264 callidior
726 2207 885 2264 habebatur
906 2198 944 2262 de

75 2311 139 2368 toto
161 2323 271 2378 genere
295 2305 365 2362 belli
388 2321 517 2374 occure,
545 2305 782 2362 ‘testicationem
805 2304 957 2376 hostibus,⁵

101 2480 205 2526 Mum
220 2483 242 2524 et
252 2473 396 2540 molstum]
427 2478 497 2526 Valet
516 2477 538 2525 in
558 2493 625 2524 omne
643 2478 711 2524 animi
731 2475 810 2522 vitium
829 2483 853 2522 et
872 2476 945 2524 labens

73 2539 181 2585 maculosi
192 2552 250 2582 vox:
270 2545 344 2584 tamen
356 2551 441 2592 vereor,
458 2545 482 2584 ut
496 2537 531 2583 hic
547 2538 635 2597 proprie
644 2536 666 2584 in
677 2536 787 2596 ignaviam
797 2550 823 2580 ar
832 2537 943 2583 timorem.

73 2598 109 2644 Ex
124 2597 241 2652 antithesi,
257 2611 315 2657 quae
332 2597 437 2656 seqnitur.
456 2597 585 2656 suspiceris:
608 2604 631 2641 et
649 2596 718 2654 magis
735 2609 762 2640 en
775 2595 817 2640 hoc
836 2595 945 2642 timotiani

73 2656 125 2702 loco
137 2655 213 2710 XXX,
224 2658 244 2702 8.
277 2657 392 2712 Arguebat
404 2655 441 2700 lsir
458 2656 517 2700 idem
533 2653 562 2700 Pa
568 2655 640 2712 inceps
655 2653 847 2714 (Valentinianus)
858 2655 945 2704 timidae

73 2715 168 2772 coepisc,
180 2715 300 2760 maculosos
316 2717 368 2760 tales
382 2715 494 2770 appellata
509 2718 530 2758 et
543 2714 645 2760 sordidos.
679 2713 738 2770 laps.
771 2713 944 2771 Nonignaviom

73 2779 96 2820 et
112 2774 216 2822 timorem
233 2773 375 2834 interpretor,
390 2773 429 2819 sed
446 2771 562 2818 libidinem
578 2778 602 2818 et
617 2772 776 2834 rapacitatem:
798 2787 855 2833 quae
869 2773 892 2820 in
906 2774 945 2820 ho·

72 2833 135 2880 suine
143 2831 219 2889 arguit
228 2839 251 2877 et
265 2833 281 2887 l,
292 2835 328 2878 66.

103 2911 179 2958 Nemo
185 2911 318 2971 mutat]
349 2909 484 2980 baiobaros
494 2908 537 2956 auis
547 2923 618 2968 paone
627 2913 741 2966 roaotum3
753 2909 824 2979 ipsura
833 2909 944 2968 ignavum,

72 2983 186 3076 mma
206 2983 310 3074 affirmo
329 2971 381 3030 quid
400 2969 473 3016 luisse.
510 2968 606 3028 ideoque
626 2967 760 3014 excusabant
778 2975 858 3029 potrus,
878 2983 945 3030 quom

102 3105 226 3154 &eomas
236 3105 368 3166 Pueritiam]
401 3105 479 3152 utute
493 3110 516 3150 rt
531 3103 585 3150 alibi
600 3104 668 3150 effirse
683 3104 761 3150 laudat
775 3103 834 3150 hunc
843 3105 945 3152 Suetoni-

75 3181 120 3218 um,
131 3163 305 3210 vetustissimum
320 3163 488 3222 Consularium,
505 3170 530 3209 ot
547 3164 603 3209 intra
619 3171 694 3218 vocat,
709 3169 731 3208 et
747 3177 789 3208 non
805 3171 848 3208 una
863 3163 946 3209 militis

76 3225 168 3270 clariana.
201 3223 301 3268 Praelnit
318 3223 454 3276 Britanniae,
472 3233 495 3268 ut
517 3223 584 3268 hahes
601 3226 625 3268 Α.
640 3222 705 3274 ΧΝ,
720 3224 755 3267 29.
767 3227 791 3266 et
806 3223 828 3265 iu
840 3222 946 3278 Agricola

77 3288 124 3329 iet
135 3286 169 3330 ll.
187 3283 265 3332 sedet
284 3281 306 3326 in
324 3281 397 3328 attica
413 3282 496 3327 bellum
514 3283 588 3338 gessit,
606 3297 619 3325 e
635 3281 709 3326 Plinio
723 3279 752 3330 V.
771 3281 789 3323 l.
820 3278 946 3331 Suetonius,

77 3342 156 3401 inquit,
168 3339 303 3394 faustinus,
313 3355 376 3399 quem
387 3341 505 3386 Consulem
519 3341 625 3397 Mimas,
634 3339 722 3396 primas
731 3337 884 3380 Romanorum
893 3335 945 3396 ps·

79 3415 131 3450 mm
141 3403 295 3457 neomaenia
307 3401 430 3458 Atlantem,
440 3406 484 3446 ete.
