2100 3834
862 53 874 80 N

90 189 165 254 300
388 205 644 256 arsaomanvrr
807 208 839 254 a.
855 206 885 253 v.
901 199 950 254 tas

89 362 160 437 giri:
184 359 228 418 bis
261 359 367 418 tributa
395 361 550 428 dimittere,
571 360 644 416 alios
667 359 891 417 inmunitatibus
917 359 957 416 tu

88 481 178 520 vare:
206 461 341 535 denique,
375 463 454 517 uuita
483 460 513 516 iu
543 465 686 532 posterum
721 477 801 524 curo,
830 461 955 515 lacerare

89 561 257 633 imperium.
301 561 359 616 Sed
375 561 477 632 vulgus
497 560 534 615 ad
558 559 788 631 magnitudinem
804 559 957 614 beneticio·

88 679 150 718 rum
165 662 281 718 aderat:
303 659 486 715 stultissimus
510 657 628 731 quisque
654 659 785 730 pecuniis
812 658 956 713 mercaba-

89 766 154 818 tur:
174 759 249 830 apud
272 757 418 830 sapientes
442 774 525 813 cassa
551 759 739 819 habebantur,
762 773 837 831 quae
865 771 955 828 neque

89 859 161 924 dari,
206 875 298 930 neque
337 856 444 928 accipi,
478 857 561 910 salva
602 856 773 927 Republica,
815 857 955 927 poterant.

91 958 228 1016 Tandem
244 955 392 1029 flagitante
417 956 557 1018 exercitu,
580 956 629 1028 qui
649 955 822 1023 Mevaniam
848 953 954 1009 insede·

90 1065 143 1122 rat,
179 1076 285 1130 magno
320 1059 490 1114 Senatorum
531 1054 657 1130 agmine,
691 1071 813 1128 quorum
854 1053 955 1108 multos

90 1156 258 1222 ambitione,
274 1159 368 1229 piures
392 1155 545 1213 tormidine
567 1155 709 1217 trahebat,
734 1153 765 1208 in
793 1157 889 1207 castra
910 1167 954 1207 vc·

29 1249 34 1315 ]
90 1254 143 1319 nit,
175 1255 304 1310 incertus
337 1254 436 1318 animi,
470 1261 500 1311 et
526 1253 622 1310 infidb
642 1251 775 1307 consitiis
802 1249 953 1306 obnoxius.

36 1340 289 1410 5⁶Couciouanti
313 1349 519 1428 (prodigiosum
547 1347 641 1420 dictu)
670 1357 781 1406 tantum
811 1349 954 1404 foedamur

39 1508 43 1519 ,
90 1453 239 1508 volucrum
263 1451 494 1524 surpervotitavib
520 1456 550 1506 ut
578 1451 654 1506 nube
678 1456 739 1504 atra
765 1447 845 1503 diem
859 1449 954 1502 obteu·

14 1599 16 1606 ,
40 1530 44 1581 ἷ
89 1535 210 1607 dereut.'
259 1549 393 1607 Accessit
421 1549 514 1606 dirum
540 1566 637 1613 omen,
665 1547 799 1619 profugus
821 1544 954 1602 altaribus

91 1655 196 1715 taurus,
240 1647 363 1706 disiecto
403 1647 538 1704 sacrificii
572 1649 720 1720 adparatu,
761 1647 858 1717 louge,
894 1658 955 1710 nec,

39 1764 46 1829 t
91 1749 140 1806 ubi
166 1749 242 1805 feriri
266 1749 374 1804 hostias
401 1763 462 1804 mos
487 1752 540 1813 est,
565 1747 724 1804 confossus.
766 1745 826 1800 Sed
849 1741 954 1815 praeci·

43 1850 50 1913 i
90 1857 177 1922 puum
200 1848 260 1918 ipse
279 1847 415 1903 Vitellius
429 1853 573 1902 ostentum
596 1851 666 1910 erat,
690 1845 805 1918 ignarus
825 1842 955 1906 miiitiae,

46 1926 50 1943 ⁵
90 1945 259 2016 inprovidus
282 1944 407 2010 consilii,
430 1945 512 2019 ‘quis
540 1945 611 2000 ordo
631 1943 765 2017 agminis,
794 1955 955 2016 quaecum

13 2035 47 2041 ’”
91 2031 290 2109 ‘exidornndi
312 2033 433 2111 quantus
449 2037 579 2110 urgendo
602 2033 782 2094 trahendove
797 2037 877 2094 betto
900 2055 957 2094 mo

90 2135 181 2200 ‘dus,’
211 2137 284 2192 etius
310 2136 446 2208 rogitans,
474 2142 504 2193 et
531 2137 568 2192 ad
592 2153 693 2192 omnes
721 2136 850 2203 nuntios,
876 2138 958 2193 vuttu

90 2253 202 2311 quoque
224 2241 253 2291 et
278 2235 392 2291 incessu
415 2235 552 2308 trepidus,
576 2235 644 2292 dein
670 2237 855 2291 temulentus.
905 2236 958 2291 Po

90 2340 207 2403 stremo,
222 2335 319 2390 taedio
332 2342 501 2400 castrorum,
525 2341 564 2400 et,
587 2334 685 2391 audita
712 2334 879 2391 desectione
905 2333 959 2392 att-

90 2434 221 2491 senensis
233 2436 344 2499 ctassis,
356 2434 481 2490 Romam
492 2432 863 2498 revertit,recentissimum
873 2435 959 2509 quod·
1034 2463 1035 2474 κ

90 2551 145 2607 que
175 2536 279 2589 vuinus
304 2550 433 2622 pavens,
451 2532 554 2588 summi
586 2532 762 2588 discriminis
790 2533 959 2590 incuriosus.

90 2632 179 2696 Nam,
200 2649 266 2688 cum
296 2630 457 2705 transgredi
491 2631 685 2702 Apenninum,
716 2629 831 2704 integro
849 2631 962 2689 exerci-

89 2737 134 2786 tus
162 2730 204 2784 sui
234 2732 343 2796 robore,
371 2736 399 2785 et
428 2729 517 2785 fessos
539 2729 634 2785 hieme
662 2736 747 2802 atque
772 2729 872 2801 inopia
898 2731 960 2787 bos·

89 2835 133 2886 tes
161 2828 289 2900 adgredi,
310 2829 339 2884 in
369 2827 681 2902 apertot0r0133dum
708 2828 849 2902 dispergit
872 2831 960 2898 vires,

89 2926 259 2984 acerrimum
288 2927 416 2993 mititem,
446 2933 474 2982 ot
502 2945 590 3001 usque
618 2927 648 2982 in
673 2932 805 2984 extrema
832 2929 958 2985 obstina-

90 3031 158 3089 tum,
171 3024 370 3082 trucidandum
386 3025 616 3100 capiendumque
632 3025 759 3090 tradidit,
775 3026 958 3098 peritissimis
1033 3081 1034 3086 ,

90 3124 300 3182 centurionum
333 3115 582 3190 dissentientibus,
607 3130 646 3192 et,
673 3123 698 3179 si
728 3127 959 3194 concuterentur,
1033 3119 1034 3186 Ϊ

13 3275 15 3278 ’
117 3276 205 3322 Summi
214 3274 351 3321 discriminis
361 3274 498 3335 incuriosus]
527 3276 646 3322 Summum
661 3277 781 3324 discrimen
791 3283 825 3324 est
835 3277 896 3325 idem
906 3281 958 3334 tere,

89 3337 147 3393 quod
166 3333 322 3384 suminabelli,
338 3333 464 3376 universum
481 3333 577 3378 beilum:
600 3335 731 3395 periculum,
747 3338 806 3397 quod
823 3337 959 3393 imminebat,
1033 3337 1034 3346 ³

89 3394 107 3437 si
119 3393 179 3436 bello
195 3393 325 3435 vinceretur.
359 3390 418 3433 Mox
433 3391 460 3433 in
474 3397 547 3444 operto
554 3395 618 3446 soret
633 3394 690 3438 idem
706 3401 748 3449 est,
764 3397 823 3453 quod
840 3397 862 3440 in
873 3405 960 3456 promtu

89 3449 161 3497 tacite,
193 3448 246 3496 Em
286 3448 314 3493 A.
327 3446 356 3502 tt,
370 3449 402 3496 12.
414 3447 444 3496 Η.
459 3448 487 3503 V,
501 3452 532 3498 to.
544 3465 641 3500 summae
650 3454 687 3500 rei
695 3453 816 3504 diremtum
827 3455 921 3506 dcitur,
