2100 3816
89 173 160 244 luo
377 191 631 242 ursuorueavn
813 193 846 244 a.
862 193 961 244 vum

85 366 147 408 rem
167 366 269 408 serere
292 348 460 421 integreque
486 347 573 404 rexit.
595 363 663 404 mox
687 343 804 407 Galbae
824 346 959 404 amicitia

87 448 116 506 iu
141 449 291 521 abruptum
327 451 443 514 tractus,
463 447 569 512 audax,
593 446 729 512 eatiidus,
752 450 893 518 pronius,
917 450 958 516 et,

86 553 168 620 prout
182 547 310 606 animum
324 545 506 614 intendiseet,
527 561 631 618 pravus
656 549 706 600 aut
727 544 897 611 industrius,
911 561 958 602 es-

85 646 153 702 dem
168 645 207 702 ri.
249 646 472 702 Testamentum
487 642 527 700 Τ.
541 642 638 710 Vinii.
648 642 849 716 magnitudine
859 660 960 716 opum,

86 743 213 801 inritum.
260 743 375 800 Pisonis
402 758 566 816 supremam
593 743 773 798 voluntatem
802 747 959 814 paupertas

34 842 221 917 difirmavit.
263 841 377 906 Galbae
391 857 495 912 corpus
517 839 568 896 diu
592 842 759 914 neglectum
781 845 811 896 et
832 839 959 898 licentia

87 944 268 1020 tenebrarum
293 937 421 1011 plurimis
448 936 579 995 ludibriis
600 945 752 1002 vexatum,
773 938 960 1010 dispensator

54 1109 58 1118 ⁵
88 1039 236 1112 Argiuae
261 1038 402 1110 prioribus
422 1037 525 1103 servis,
549 1037 652 1094 humili
673 1039 819 1110 sepultura
841 1037 874 1094 iu
903 1037 960 1109 pri·

87 1137 166 1194 vatis
184 1138 246 1194 eius
267 1137 357 1194 bortis
381 1135 525 1194 contexit.
568 1136 674 1208 Caput,
702 1153 753 1209 per
780 1135 855 1192 tinas
880 1139 960 1192 caio·
1038 1163 1039 1178 r

86 1254 194 1309 nosque
216 1237 348 1294 suffixum
372 1238 595 1310 induratumque,
622 1241 691 1292 aute
716 1234 847 1292 Patrobii
868 1240 960 1300 tumn·

87 1336 146 1392 turn
166 1331 345 1410 (tibertusis
372 1333 509 1401 Neronis,
536 1334 652 1406 punitus
679 1351 697 1390 a
724 1333 822 1391 Galba
848 1331 959 1411 iuerat)

87 1439 202 1508 postero
228 1434 344 1490 demum
366 1433 415 1490 die
443 1438 638 1505 repertumst
663 1439 792 1490 cremato
815 1432 876 1489 iam
895 1449 958 1490 our·

87 1532 152 1606 pori
165 1531 325 1590 admixtum
338 1537 393 1589 est.
435 1533 522 1590 Hunc
535 1531 648 1590 exitum
659 1530 760 1588 babuit
772 1531 834 1588 Ser.
850 1524 958 1600 Galba,

88 1631 178 1689 tribus
191 1637 222 1688 et
234 1631 417 1706 septuaginta
430 1629 515 1688 sanie
528 1613 654 1704 quincue
674 1629 828 1702 Principes
842 1647 958 1702 prospe-

89 1747 119 1788 ra
134 1731 247 1788 fortuna
267 1729 410 1796 emensus,
424 1735 454 1786 et
478 1729 576 1786 alieno
590 1727 718 1802 Imperio
732 1727 854 1798 ietiuior,
868 1745 957 1802 quam

89 1845 148 1886 suo.
202 1829 297 1900 Vetus
330 1829 362 1886 in
392 1827 501 1886 inmitia
534 1827 681 1894 nobititae,
712 1843 836 1902 maguae
862 1844 958 1902 opesa

88 1925 146 1998 ipsi
178 1927 305 1984 medium
338 1927 498 2002 ingenium,
527 1927 620 2000 magis
643 1931 727 1986 extra
753 1925 838 1993 vitia,
870 1943 959 2000 qnam

89 2040 156 2082 cum
175 2024 347 2092 uirtutibus.
389 2027 499 2086 Famae
527 2042 583 2082 neo
611 2025 780 2094 incuriosus,
808 2042 866 2082 nec
888 2039 959 2084 uon·

89 2122 203 2181 ditator.
243 2124 391 2196 Pecuniae
405 2127 519 2184 atienae
543 2143 602 2182 non
627 2125 777 2196 adpetens,
798 2141 870 2182 suae
895 2141 961 2197 par·

89 2239 150 2288 cns,
184 2223 317 2296 publicae
345 2240 456 2280 avarus.
519 2223 688 2284 Amicorum
722 2223 960 2296 libertorumque,

89 2321 139 2378 ubi
154 2322 183 2378 iu
199 2323 288 2379 bonos
308 2321 467 2389 incidisset,
488 2321 552 2380 siue
574 2321 799 2395 reprehensione
822 2322 958 2394 patierin

21 2451 29 2463 v=
88 2422 115 2478 si
129 2421 198 2478 mati
212 2421 312 2492 iurent,
327 2437 415 2495 nsque
436 2422 473 2478 ad
497 2424 615 2494 cuipam
641 2421 767 2494 igumm
810 2421 871 2478 Sed
899 2424 961 2478 cis·

90 2519 159 2576 ritas
174 2521 313 2577 natatium
326 2525 356 2576 et
377 2525 469 2576 metus
491 2524 651 2592 temporum
671 2519 816 2586 obtentui,
827 2523 868 2588 ut,
883 2521 963 2593 quod

54 2602 57 2610 “
90 2619 214 2692 segnitia
241 2624 311 2685 erut,
344 2617 487 2690 sapientia
521 2623 681 2674 vocaretur.
730 2617 813 2674 Dum
839 2617 964 2692 vigebat

57 2742 62 2769 ε
90 2722 180 2781 aetus,
193 2717 312 2774 militari
334 2717 418 2773 tande
441 2717 517 2788 apud
545 2715 720 2774 Germanias
743 2714 849 2772 floruit.
892 2717 963 2774 Pro·

58 2823 62 2887 ζ
90 2815 209 2872 consule
237 2813 366 2872 Africam
394 2815 558 2872 moderate:
580 2815 639 2872 iam
660 2813 766 2880 senior,
789 2813 962 2872 citeriorem

90 2911 264 2981 Hispaniam
278 2913 339 2986 pari
363 2912 472 2969 iustitia
486 2913 649 2970 continuit:
670 2912 763 2970 maior
783 2912 902 2985 privato
917 2914 962 2972 vi·

63 3058 64 3067 ,
89 3011 226 3071 errs.dum
252 3010 455 3082 privatustuir,
482 3017 511 3068 et
538 3011 668 3068 omnium
691 3027 837 3070 consensu
861 3029 962 3086 capax

62 3100 65 3123 ³
89 3107 218 3177 Imperii,
231 3108 288 3164 nisi
302 3109 480 3178 imperasset.

118 3273 263 3328 Dispcumtor
273 3279 367 3337 Argius]
399 3279 440 3324 Dis
456 3285 545 3326 cusator
554 3280 671 3328 dicebatur
685 3295 769 3337 servus,
779 3283 965 3343 quemdominus

89 3330 242 3436 {piendarim
255 3335 278 3380 io
299 3343 332 3383 est
351 3337 431 3384 creden
448 3353 466 3384 rs
489 3343 514 3384 et
537 3339 649 3396 erigendis
668 3339 774 3402 pecuniis,
795 3343 966 3404 praeponebat.
