2090 3838
87 201 158 270 196
374 215 627 274 ursnoamaun
807 224 958 278 arsam.

84 371 152 446 liae,
165 381 198 436 ut
224 378 343 452 quiaque
362 378 456 446 vovit,
476 381 526 437 sed
549 398 642 438 mares
663 379 838 454 deliguntur.
881 379 958 438 Cer·

83 476 195 534 tissima
209 477 280 534 fides
304 478 459 536 haedorum
480 477 567 538 fibris.
611 479 791 554 Sanguinem
805 497 871 536 arae
895 479 951 536 ob-

82 574 203 634 tundere
218 579 359 636 vetitum:
381 578 513 650 precibus
534 584 564 635 et
588 578 656 653 igne
671 596 741 652 puro
765 578 866 636 altaria
882 578 956 634 ado

84 678 188 744 lentur,
216 696 271 736 neu
299 679 364 734 ullis
395 678 544 745 imbribus,
571 695 742 753 quamquam
774 677 805 734 io
836 681 955 750 aperto,

83 777 261 834 rnadesount.
303 778 495 834 Simulacrum
515 777 599 834 Deae
614 795 672 834 non
693 777 789 850 effigie
803 777 955 832 humana:

82 877 237 934 continuus
261 877 338 934 orbis
366 877 467 934 latiore
490 876 576 934 initio
600 882 717 934 tenuem
744 876 775 934 in
799 875 955 942 ambitum,

52 954 178 1032 ‘imeras
204 977 297 1043 modo,
319 993 486 1050 exsurgens.
507 981 537 1032 et
564 975 637 1032 ratio
663 976 695 1032 in
719 977 854 1032 obscuro.
898 973 955 1032 Ti-

82 1079 127 1130 tus
160 1081 292 1145 spectata
321 1075 471 1147 opulentia
497 1074 637 1148 donisque
667 1075 790 1149 Regum,
817 1091 953 1150 quaeque

81 1173 140 1229 alla
155 1175 261 1229 laetum
275 1173 493 1247 antiquitatibus
508 1175 686 1231 Graecorum
701 1191 792 1247 genus
816 1173 951 1232 incertae

81 1271 220 1328 vetustati
234 1271 365 1346 adfingit,
380 1270 411 1330 de
438 1267 619 1348 nauigatione
643 1273 765 1345 primum
793 1272 951 1330 consuluit.

82 1371 238 1445 Postquam
254 1370 343 1447 paradi
362 1369 435 1428 uiam
454 1377 481 1428 et
493 1388 570 1428 marc
584 1387 748 1447 prosperum
771 1372 899 1445 accepit,
913 1373 951 1428 de

81 1489 114 1528 se
135 1489 186 1544 per
204 1473 339 1544 ambages
363 1471 531 1543 interrogat,
557 1470 651 1527 caesis
665 1471 863 1542 compluribus
888 1471 952 1527 hos·

82 1571 141 1630 liis.
212 1573 357 1629 Sostratus
383 1568 567 1647 (Sacerdotis
596 1571 625 1628 id
660 1588 767 1628 nornen
796 1569 871 1641 crat)
899 1569 950 1628 ubi

82 1673 159 1727 lacta
173 1676 203 1728 et
226 1670 415 1745 congruentia
438 1676 517 1736 exta,
541 1670 709 1744 magnisque
733 1669 875 1726 consultis
901 1687 951 1728 an·

81 1787 171 1826 nuere
187 1771 292 1834 Deam,
308 1769 398 1836 videt,
422 1784 515 1841 pauca
542 1767 573 1825 in
595 1785 731 1841 praesens
754 1775 784 1825 el
806 1769 894 1826 solita
908 1787 952 1828 rc·

82 1868 238 1940 spondens,
272 1867 364 1940 petito
403 1872 525 1934 secreto,
560 1866 653 1924 lutura
693 1867 796 1940 aperit.
853 1867 952 1936 Titus,

82 1973 168 2024 aucto
192 1967 300 2031 animo,
324 1967 360 2022 ad
384 1973 494 2038 patrem
521 1972 685 2039 pervectus,
712 1961 860 2039 suspensis
888 1983 953 2039 pro·

82 2066 245 2121 vinclorum
272 2068 302 2120 et
332 2063 514 2121 exercituum
541 2065 696 2132 mentibus,
722 2064 827 2138 ingens
855 2082 952 2122 rerum

81 2162 187 2222 fiducia
200 2161 334 2224 accessit.
361 2161 571 2237 Profligaverat
585 2164 693 2220 bellum
708 2163 859 2222 ludoicum
873 2163 950 2221 Ves-
1043 2175 1044 2193 ¹

112 2317 239 2365 Continuus
257 2316 316 2364 ordia
326 2317 403 2363 latiore
426 2315 502 2377 inilia]
533 2316 616 2374 Tyrius
633 2316 697 2364 Mu
719 2316 843 2376 (dissilui
875 2317 953 2364 Versus

82 2395 96 2424 a
113 2377 204 2435 Pupdr'ir
219 2378 307 2430 colitur,
319 2379 383 2422 cuius
397 2375 545 2422 simulacrum
560 2376 623 2422 nulli
636 2377 673 2422 rei
685 2377 755 2433 magia
769 2375 873 2433 assimile,
884 2391 952 2437 pauor

82 2438 144 2484 albae
152 2436 272 2494 pyramidi
303 2435 365 2492 laps.
397 2435 432 2480 iia
442 2435 525 2495 species
534 2434 652 2480 exhibetur
661 2441 685 2480 et
694 2435 716 2479 iu
728 2435 805 2482 numia

111 2515 184 2564 Meu·
198 2516 260 2561 modu
300 2513 447 2560 Simulacrum
465 2513 560 2560 Veneris
579 2513 680 2573 Papiriae
699 2527 742 2560 non
760 2518 810 2559 erat
824 2513 897 2572 effigie
911 2513 951 2560 hu·

82 2590 156 2628 marra,
166 2575 205 2628 scd
216 2575 237 2619 in
267 2573 360 2626 cuicum,
372 2579 397 2618 ut
407 2573 475 2631 vulgo
489 2573 616 2632 bununtur,
631 2571 766 2618 Geometras
775 2574 869 2618 sormam
878 2587 953 2619 exarar-

82 2634 156 2692 gebat,
172 2633 253 2678 latiore
268 2632 340 2687 initio,
353 2639 443 2678 tenuem
457 2631 480 2676 in
495 2630 602 2676 ambitum
616 2631 723 2677 desinens.
755 2631 905 2685 Pausaniaal.
917 2636 949 2680 14.

83 2693 139 2738 hanc
155 2691 226 2737 Deam
242 2697 308 2737 vocat
321 2710 423 2762 aeganae
455 2689 514 2736 Vide
530 2690 603 2736 Notas
618 2697 641 2736 et
656 2690 829 2738 Emendationes
843 2691 873 2737 ad
890 2691 950 2740 flur.
1041 2695 1042 2698 ’

84 2762 114 2816 ll,
124 2763 145 2807 3.
178 2759 241 2806 Brut.

112 2839 180 2886 Ratio
188 2838 215 2884 in
224 2836 323 2897 obscuro]
355 2837 412 2882 Eam
422 2836 492 2883 tradit
501 2837 605 2884 Clemens
618 2837 681 2884 allex.
692 2837 864 2900 Protrept.'(ed.
874 2836 950 2896 sylb.)

82 2915 104 2960 p.
123 2897 211 2945 XXIX.
227 2899 262 2944 30.
277 2896 316 2940 ubi
336 2900 360 2941 et
378 2897 407 2942 de
424 2896 474 2942 aliis
493 2897 576 2942 talibus
597 2895 695 2942 Deorum
715 2897 858 2966 Dearumque
876 2897 951 2943 formis

83 2958 187 3018 reperies.
220 2956 307 3014 Nempe
322 2955 378 3000 talea
396 2957 477 3013 liparae
496 2963 546 3002 suut
565 2955 646 3002 indicia
660 2955 776 3000 veluntatis
791 2955 893 3012 ultimae,
908 2971 952 3017 qua

82 3018 179 3123 nondulur
195 3015 319 3122 exprznere
336 3014 461 3061 didicerant
478 3015 539 3074 ligno
557 3020 597 3061 aut
616 3029 669 3060 saxo
684 3015 765 3060 lormas
780 3015 896 3062 homiuum
911 3020 951 3062 aut

38 3083 40 3088 ’
81 3075 218 3125 animaium.
272 3087 309 3119 ra.

92 3145 95 3152 ’
116 3157 161 3203 l’er
169 3156 268 3211 ambago
277 3152 408 3211 interrogat]
419 3152 441 3197 b.
452 3167 473 3197 e.
484 3151 614 3222 interrogat·
621 3152 651 3198 de
658 3150 716 3198 -latir
730 3150 782 3206 ruis,
796 3150 853 3212 quid
862 3166 950 3222 sperare

84 3222 172 3276 posset:
189 3227 266 3258 verum
277 3225 320 3257 non
331 3210 410 3270 plane:
427 3224 455 3255 ne
470 3211 592 3270 permulum
608 3211 661 3258 rude
670 3216 817 3274 nascereturg
828 3211 869 3257 scd
879 3211 951 3258 verbu

82 3272 198 3329 arrrbiguia.
213 3285 271 3331 quae
286 3275 360 3315 tamen
374 3267 500 3324 intelligere
514 3269 623 3316 Sacerdos
637 3276 717 3330 posset.
748 3267 810 3316 Hinc
824 3285 876 3316 mox
885 3275 950 3317 vocat

84 3346 166 3389 magua
175 3331 280 3376 marullo.
311 3325 427 3372 Conuluit
438 3326 466 3371 de
477 3327 581 3386 imperio.
592 3343 621 3374 au
636 3328 677 3374 cibi
687 3327 738 3374 latis
747 3328 863 3375 debeatur.
889 3329 948 3376 Era.

113 3406 285 3468 Profligaverat]
317 3404 342 3450 ld
357 3408 398 3456 est,
413 3417 466 3459 parte
481 3405 608 3461 wrffeccral.
640 3407 707 3452 Nove
723 3405 950 3468 quidcmdictumut

83 3468 204 3513 videreest
217 3465 276 3526 apud
288 3467 313 3509 A.
325 3461 423 3507 Gellium
439 3461 492 3516 XV,
504 3467 525 3508 ⁵.
556 3464 643 3510 Eodem
659 3470 736 3513 tamen
751 3465 822 3514 verbo
836 3481 889 3514 auur
902 3473 949 3514 erat

83 3529 203 3586 Admotus,
214 3532 238 3571 ut
247 3526 312 3584 patet
320 3535 348 3566 ex
357 3527 499 3568 monumento
509 3523 636 3579 ancyrano.
667 3523 731 3572 Brut.
