2100 3816
9 189 10 212 r
103 161 173 234 104
418 178 603 228 surrectus
820 186 850 232 s.
868 186 900 235 v.
918 191 971 239 ars.

99 333 135 392 0.
156 329 288 390 lisseium
302 331 398 390 officio
421 333 631 408 exsequiarum.
653 335 729 408 quod
753 336 878 409 primam
893 339 976 398 indi-

98 431 176 490 cium
188 431 277 488 mali:
297 449 390 506 neque
404 431 435 490 in
450 434 567 506 longum
580 433 702 490 diletum
716 440 769 492 cst.
813 438 873 494 Sed
889 440 971 496 Sila-

97 548 152 589 nus
170 530 302 588 additur:
324 534 404 589 nullo
427 530 558 598 crimine,
579 531 636 588 nisi
660 535 734 606 quod
760 535 880 592 Cassius
903 538 970 611 opi·
1039 603 1040 616 χ

97 631 150 688 bus
165 630 287 688 vetustis
301 639 331 687 et
352 629 495 703 gravitate
510 647 629 696 morum,
655 632 772 688 Silanus
786 635 967 694 claritudine

97 730 212 804 generis
242 736 273 786 et
299 730 429 786 modesta
456 729 586 796 barcula,
618 712 843 801 praecellebant.
906 736 967 810 lgi-

97 833 143 886 tur
176 829 263 888 missa
291 830 327 886 ad
359 830 498 886 Senatum
526 828 666 894 oratioue,
700 833 919 890 ‘removendos
948 850 967 892 a

97 928 283 1001 ‘Republica
302 915 454 1002 utrosque‚’
474 927 627 984 disseruit:
648 927 867 1004 obiectavitque
893 931 966 988 Oas-
1039 947 1040 1014 q

97 1026 165 1092 sio..
179 1035 186 1059 ¹
200 1028 275 1101 quod
296 1027 373 1084 inter
400 1026 543 1100 imagines
564 1027 704 1082 maiorum
724 1027 812 1084 etiem
833 1028 869 1086 Ο.
893 1029 965 1087 Gas-
1039 1019 1040 1074 5

97 1125 156 1182 ‘sii
176 1126 301 1199 effigiem
320 1128 468 1192 coluisset,
480 1126 522 1180 ita
536 1124 726 1196 inscriptam:
750 1125 843 1182 DVX
864 1127 962 1186 PAR·
1039 1125 1040 1202 ξ

96 1224 242 1290 ‘'I'lVM.
298 1224 413 1297 Quippe
440 1223 552 1280 semina
582 1223 650 1279 belli
680 1222 779 1279 civilis
799 1234 830 1280 et
865 1226 962 1283 delec-

96 1322 228 1380 ‘tionem
247 1340 264 1379 a
284 1323 372 1380 domu
391 1321 548 1380 Caesarum
562 1320 729 1394 quaesitam.
772 1324 830 1389 Ac,
851 1341 890 1380 ue
906 1342 963 1382 me·
1039 1315 1040 1342 ³

96 1425 104 1453 ‘
118 1421 209 1478 moria
220 1427 331 1478 tautum
345 1420 451 1478 intensi
465 1419 589 1477 nominis
603 1421 639 1476 ed
650 1420 810 1476 discordias
824 1427 963 1493 uteretur,
1039 1463 1040 1484 r

96 1520 310 1593 ‘adsumpsisse
325 1521 359 1578 L.
381 1517 524 1586 Silanum,
536 1519 674 1575 iuvenem
693 1535 800 1592 genere
821 1514 963 1589 nobilem,

66 1612 211 1676 t‘animo
220 1624 502 1691 praeruptum‚quem
516 1617 601 1674 novis
610 1618 693 1673 rebus
706 1617 884 1674 ostentaret!
916 1621 962 1693 lp·
1039 1631 1040 1660 ³

96 1735 159 1774 sum
170 1719 277 1774 debinc
288 1717 420 1774 Silanum
429 1715 572 1788 increpuit
587 1715 700 1786 iisdem,
709 1715 811 1789 quibus
827 1722 961 1788 patruum

96 1815 158 1870 eius
171 1814 377 1888 Torquatum‘
389 1820 533 1888 tamquam
543 1813 709 1886 disponeret
716 1814 773 1870 iam
781 1815 902 1886 Imperii
914 1835 962 1875 cu·

96 1917 104 1943 ⁴
118 1929 173 1978 res,
188 1913 412 1986 praeficeretque
426 1912 584 1970 rationibus
598 1917 629 1968 et
656 1912 763 1968 libellis
777 1920 807 1968 et
827 1915 961 1986 epistolis

96 2009 236 2066 ‘libertos
248 2009 265 2066 ι’
285 2011 384 2068 inania
398 2011 481 2068 simul
497 2017 527 2068 ct
547 2011 628 2068 laisa.
649 2027 716 2069 uam
732 2011 851 2068 Silanus
865 2013 962 2072 inteu-

96 2106 152 2164 tior
166 2115 244 2168 metu
258 2115 287 2166 et
313 2109 407 2166 exitio
421 2109 514 2182 patrui
527 2110 564 2166 ad
589 2110 822 2182 praecavendum
837 2115 961 2170 exterri-

95 2212 141 2266 tus
154 2213 223 2266 erat.
265 2209 383 2268 luducit
410 2209 539 2282 posthac,
554 2210 697 2266 vocabulo
710 2207 849 2275 indicum,
863 2210 914 2284 qui
929 2211 961 2270 in

96 2307 248 2382 Lepidam,
263 2307 359 2368 Cassii
376 2324 505 2374 uxorem,
520 2306 614 2364 Silani
642 2306 770 2370 amitam,
789 2308 962 2368 ‘incestum
1020 2309 1023 2318 '

96 2413 180 2466 ‘cum
194 2409 287 2466 fratris
300 2408 361 2466 filio
386 2414 416 2465 et
437 2408 513 2465 diros
540 2423 686 2465 sacrorum
712 2405 791 2464 ritas'
810 2411 961 2484 continge·

95 2512 169 2563 rent.
210 2509 422 2573 Trahebantur,
444 2513 475 2564 ut
495 2506 616 2574 conscii,
638 2505 792 2563 Vulcatius
817 2507 959 2567 Tullinus

95 2620 131 2660 ac
142 2604 299 2662 Marcellus
312 2601 475 2672 Cornelius,
488 2606 652 2671 Senatores,
666 2609 696 2660 et
710 2603 885 2676 Calpurnius
902 2609 957 2664 Fa·

94 2702 186 2766 batus,
213 2702 309 2774 Eques
337 2703 504 2760 Romanus:
538 2703 596 2777 qui,
629 2703 777 2774 adpellato
808 2703 957 2778 Principe,

94 2798 251 2878 inqtantem
284 2799 500 2858 damnationem
530 2801 664 2868 frustrati,
699 2817 768 2856 mox
795 2801 956 2873 Neronem,

94 2897 172 2954 circa
196 2901 430 2973 summascelera
443 2899 609 2966 distentum,
631 2900 713 2972 quasi
739 2898 865 2956 minores
887 2918 957 2958 eva·

63 2995 165 3052 decre.
208 2996 295 3053 'l'nnc
318 2999 451 3055 consulto
476 2999 599 3055 Senatus
623 2995 723 3054 Cassio
746 3003 772 3053 et
791 2995 889 3054 Silone
913 3017 956 3056 ex·

92 3091 160 3148 sitia
172 3095 379 3152 decernuntur:
394 3095 426 3152 de
437 3094 543 3170 Lepida
555 3095 662 3152 Caesar
674 3101 813 3152 statueret.
843 3097 957 3170 Dcpor·

92 3195 224 3267 latusque
248 3193 278 3250 in
294 3193 417 3250 insulam
441 3194 605 3252 Sardiniam
628 3194 746 3252 Cassius
760 3199 790 3250 et
817 3201 954 3253 senectus

120 3365 269 3470 adoeriuan
301 3365 673 3421 Dehoectvl,1s.xll‚tl.
696 3369 729 3412 12.
762 3366 820 3414 Plio.
832 3381 867 3428 ep.
879 3373 902 3426 7,
917 3371 953 3416 2⁴.

91 3421 246 3470 nessumx
270 3427 321 3482 ‚52
352 3423 411 3470 Vide
422 3423 649 3470 Stemma·Caeserum
658 3425 727 3471 Num.
738 3427 774 3471 59.
