2100 3816
86 201 199 248 ιιιιι,
305 197 376 244 crs.
402 196 461 242 xv.
512 197 589 242 css.
615 174 784 244 72.-74.
895 175 941 244 97

87 350 279 425 Nymphidio:
300 353 338 409 de
353 369 419 426 quo,
433 336 501 425 spuis
522 367 599 408 nunc
620 349 741 423 primam
761 352 875 410 oblatus
889 355 943 418 est,

88 467 169 522 panca
183 459 319 523 repetam.
335 467 403 508 nam
417 456 448 506 et
460 450 523 522 ipse
535 467 598 522 pars
614 451 806 508 Romanarum
817 451 945 508 clssllum

90 550 145 606 erit.
184 550 275 624 Igitur
288 557 380 607 matre
403 548 536 606 libertina
550 555 636 612 ortus,
650 563 839 622 qnaecorpus
859 550 945 606 deco·
1030 570 1031 577 ¹

89 663 141 704 rum
159 649 235 706 inter
247 664 350 706 servos
375 649 548 721 libertosque
572 647 740 718 Principum
766 648 945 719 vulgaverat,

89 762 127 802 ex·
147 747 180 804 C·
196 748 324 806 Caesare
351 764 383 803 se
409 745 540 819 genitum
568 745 688 812 terebat,
709 745 846 818 quoniam
874 746 946 802 torte

88 851 198 918 qaudam
232 847 332 904 babitu
358 863 492 918 procerus
516 852 546 902 et
567 851 651 902 torvo
677 847 759 902 vultu
783 851 859 900 erat:
882 844 946 901 sive
1033 849 1034 920 l

89 943 252 1012 baltassar,
275 952 433 1002 scortorum
459 961 569 1019 qunque
594 945 727 1017 cupieos,
749 945 837 1002 etiam
861 944 945 1002 matri
1033 935 1034 958 ³

88 1041 140 1098 eius
163 1044 273 1101 inlusit.
321 1045 379 1100 Sed
409 1045 499 1108 Nero,
529 1050 635 1100 vocato
664 1045 784 1109 Senatu,
814 1045 945 1101 oratione
957 1036 998 1098 13

89 1138 156 1197 inter
168 1142 268 1200 Patres
284 1143 394 1206 babila,
419 1142 547 1198 edictum
572 1143 647 1214 apud
672 1145 806 1214 populum
833 1149 946 1200 alcon·
1033 1219 1034 1226 ἵ

89 1237 140 1296 lata
161 1240 189 1296 iu
215 1243 304 1298 libros
331 1241 442 1298 indicia
462 1241 715 1316 confessionesque
742 1244 944 1300 damnatorum

89 1337 219 1395 adiunxit.
262 1339 380 1396 Etenim
395 1341 497 1396 erebro
526 1341 604 1414 vulgi
617 1343 728 1398 rumore
754 1345 945 1408 lacerabatur,

88 1441 221 1512 tamquam
247 1436 323 1494 ciros
349 1436 471 1494 insontes
491 1436 524 1494 ob
544 1437 679 1498 insidiam
703 1447 752 1496 unt
779 1447 880 1496 melum
902 1457 945 1496 sx-

89 1533 227 1594 amensa.
270 1541 407 1596 Ceterum
435 1545 569 1610 coeptam
593 1541 778 1611 adultamque
803 1545 833 1594 et
853 1537 945 1594 reric·

90 1637 142 1690 tam
167 1637 405 1704 coniurationem,
431 1655 523 1710 neque
549 1641 619 1694 tunc
642 1635 825 1702 dubitavere,
844 1635 944 1708 quibus

91 1749 181 1792 verum
205 1736 347 1792 noscendi
371 1752 440 1792 cura
477 1739 548 1800 erat,
585 1741 615 1790 et
640 1735 774 1799 latentur,
797 1736 858 1808 qui·
880 1739 945 1805 post

90 1830 228 1890 interitum
256 1833 383 1890 Neronis
407 1833 438 1890 in
463 1835 561 1890 urbem
576 1833 697 1906 regressi
724 1839 799 1892 sunt.
842 1833 884 1890 At
912 1833 942 1890 in

91 1929 189 1986 Senatu
216 1931 341 1995 conctis,
366 1937 395 1987 ut
419 1932 523 2006 cuique
551 1932 702 2002 plurimum
731 1933 876 1998 moeroris,
909 1931 941 1989 in

87 2027 273 2086 adulationem
296 2031 441 2096 demissis,
471 2030 587 2087 Iunium
607 2031 783 2097 Gallionem,
808 2033 942 2088 Senecae

91 2124 183 2194 serm,
205 2136 296 2186 morte
319 2128 455 2200 paridam
480 2135 509 2184 el
525 2145 635 2202 prosus
651 2129 850 2186 incolumitate
878 2147 942 2201 sup·

90 2225 195 2296 picem,
205 2227 349 2300 increpuit
365 2228 499 2284 Salienus
514 2228 662 2296 Clemens,
675 2227 780 2284 hostem
804 2235 830 2285 et
846 2225 941 2304 porri-

85 2321 166 2382 acon
195 2343 326 2395 vocans;
347 2328 443 2384 donec
471 2343 616 2384 consensu
648 2328 765 2384 Petrum
789 2325 941 2404 deterritus

90 2428 138 2486 est,
156 2431 210 2481 ‘ne
224 2425 348 2498 publicis
371 2425 454 2482 malis
468 2425 547 2482 abuti
564 2427 601 2482 ad
624 2427 810 2485 occasionem
836 2423 942 2496 privati

89 2521 160 2579 ‘odii
174 2524 329 2586 rideretur,
349 2541 406 2581 neu
420 2523 581 2594 composita
607 2529 656 2581 aut
670 2523 836 2580 oblitterata
861 2539 941 2579 man·

89 2621 251 2678 ‘suetudine
266 2621 411 2694 Principis
426 2637 532 2679 novam
546 2622 583 2678 ad
597 2621 751 2678 saevitiem
765 2616 942 2679 retraheret!

90 2715 164 2774 Tum
186 2720 278 2776 ‘dona
293 2725 323 2776 et
349 2726 445 2794 grates
467 2718 548 2778 Deis’
561 2721 763 2784 decernuntur,
783 2721 941 2792 ‘proprius-
954 2725 995 2788 74

88 2819 159 2889 ‘que
173 2817 260 2874 bonos
283 2817 354 2888 Soti,
368 2816 431 2893 (cui
454 2824 498 2876 est
520 2824 604 2876 vetus
619 2819 705 2876 aedes
732 2819 808 2891 apud
822 2820 942 2887 circum,

89 2913 138 2970 ‘in
154 2933 208 2987 quo
219 2915 330 2973 facinus
346 2913 510 2991 parabatur)
524 2916 572 2990 qui
595 2918 710 2974 occulta
737 2917 944 2976 coniurationis

89 3012 138 3068 ‘N
142 3013 234 3071 umine
262 3015 434 3072 retexisset:
454 3019 542 3088 utque
565 3013 747 3072 Circensium
775 3015 941 3074 Cerealium

87 3110 240 3170 ‘ludicrum
270 3113 397 3186 pluribus
420 3129 558 3187 equorum
580 3112 709 3172 cursibus
731 3115 943 3172 celebraretur:

88 3213 96 3242 ¹
111 3211 266 3286 mensisque
280 3213 392 3285 Aprilis
405 3213 430 3268 N
434 3211 529 3270 aronis
535 3217 766 3288 cognomentum
779 3213 944 3285 acciperet:

16 3299 18 3356 l
87 3311 238 3376 ‘templum
254 3311 349 3368 Saluti
374 3315 566 3370 exstrueretur
578 3329 615 3368 en
635 3309 703 3377 loci,
717 3327 754 3366 ex
768 3327 826 3382 quo
842 3307 945 3366 Sceni-

16 3369 18 3456 b
88 3409 271 3468 ‘musterium
287 3408 483 3486 prompserat?
523 3411 590 3483 lpse
609 3425 676 3468 eum
690 3406 845 3482 pugionem
869 3403 945 3476 apud

16 3527 18 3612 Ι
133 3521 200 3563 sou.
223 3526 257 3566 ιι.
544 3509 562 3559 a
872 3497 884 3511 ‘
