2090 3838
86 161 160 232 230
392 180 644 232 utenburasvu
810 187 841 236 s.
857 183 887 236 V.
904 187 958 237 sua.

85 339 224 396 Senatum
245 353 338 410 nuper
350 337 489 406 adscitus,
503 338 616 413 magnis
634 337 802 398 inimicitiis
815 341 960 398 eisresee·

83 443 134 494 ret.
177 437 380 496 Moderatione
415 437 565 494 meliorum
594 437 740 512 dirempti.
783 439 823 496 Et
842 439 969 504 rediere,

83 553 184 594 omnes
206 537 381 604 Bononiam,
416 551 511 594 rursus
544 535 743 595 consiliaturi:
778 535 875 604 simui,
895 555 955 595 me·

83 635 134 692 dio
154 635 301 710 temporis,
322 637 417 708 plures
438 635 533 692 nuntii
552 636 751 708 sperabantur.
792 637 957 706 Bononiae,

84 733 189 792 divisis
209 752 261 809 per
273 733 387 802 itinera,
401 733 450 808 qui
471 733 701 791 recentissimum
719 745 871 809 quemque
893 745 956 808 per·

84 837 299 900 cunctarentur,
313 833 505 906 interrogatus
519 831 643 889 Othonis
667 831 788 889 libertus
802 841 955 891 ‘caussam

84 931 253 1005 ‘digressus
267 932 374 988 bebere
398 947 430 987 se
443 947 576 1004 suprema
589 929 652 986 eius
676 928 826 988 mandats’
839 945 955 1005 oespon·

83 1025 141 1082 dit:
164 1025 278 1098 ‘ipsum
291 1025 441 1084 viventem
461 1023 577 1098 quidem
591 1023 734 1092 relietum,
748 1025 800 1081 ssd
813 1027 878 1082 sois
891 1041 953 1099 pos·

83 1123 226 1180 ‘teritaiis
240 1139 309 1181 curn
323 1129 354 1180 et
373 1123 501 1196 abruptis
515 1121 594 1180 vites
605 1121 832 1180 blandimentis?
874 1123 951 1182 Hine

83 1220 236 1278 admiratio
249 1227 280 1278 et
304 1223 385 1294 pluro
405 1219 602 1294 interrogandi
629 1221 737 1294 pudor:
758 1225 846 1295 atque
859 1221 950 1279 omni·

31 1311 73 1370 54
83 1335 131 1376 um
152 1318 243 1376 animi
269 1319 300 1375 in
321 1318 476 1376 Vitellium
503 1318 695 1378 inclinavere.
717 1319 862 1376 Intererat
885 1336 951 1376 cou-

82 1417 156 1478 siliis
170 1417 257 1475 irater
269 1417 331 1474 eius
353 1419 388 1476 L.
403 1415 552 1484 Vitellius,
576 1431 664 1492 seque
685 1417 743 1474 ism
769 1419 951 1476 adulantibus

81 1518 229 1585 offerebat,
261 1533 328 1574 oum
354 1521 475 1588 repente
503 1516 630 1582 coenus,
663 1515 782 1573 libertus
812 1516 948 1584 Neronis,

82 1617 175 1675 atroci
189 1615 342 1674 mendacio
355 1613 505 1672 universos
517 1613 649 1686 perculit,
661 1614 826 1682 odiirmcns,
836 1619 845 1647 ‘
855 1631 950 1688 super-

83 1719 194 1772 ‘ventu
215 1713 303 1772 xiv,
323 1711 457 1786 legionis,
486 1711 593 1770 iuuetis
620 1728 638 1767 a
669 1711 802 1768 Brixello
829 1712 949 1780 viribus,

82 1819 202 1883 ‘caesor
223 1811 358 1878 victores,
374 1827 487 1868 remam
499 1811 620 1882 portium
634 1807 798 1878 fortunam?
837 1810 950 1868 Caussa

81 1909 211 1982 fingendi
244 1907 308 1975 luit,
335 1914 368 1966 ut
397 1908 556 1981 diplomata
589 1908 723 1975 Othonis,
752 1925 827 1982 quae
855 1909 950 1982 negli-

80 2008 229 2082 gebantur,
261 2005 381 2064 laetiore
408 2006 511 2064 nuntio
538 2008 763 2066 revalescerent.
804 2007 843 2063 Et
875 2007 950 2066 Coe·
1028 2079 1029 2084 η

84 2123 138 2165 nus
166 2104 283 2180 quidem
310 2106 410 2178 rapide
437 2105 468 2162 in
490 2107 588 2162 urbem
610 2110 721 2171 vectus,
747 2121 855 2178 pannos
884 2111 949 2179 post
1028 2127 1029 2146 ι

23 2249 25 2252 -
80 2205 145 2264 dies
158 2205 237 2264 iussu
261 2203 381 2262 Vitellii
404 2219 513 2276 poenus
534 2203 595 2260 tuit.
636 2203 809 2260 Senatorum
837 2204 949 2276 pericu-

80 2310 142 2365 lum
163 2309 289 2372 suetum,
311 2303 495 2362 credentibus
521 2301 696 2359 Othoninnis
718 2301 859 2358 militibus
880 2319 951 2360 vera

79 2423 153 2473 esse,
179 2423 254 2480 quae
280 2403 490 2460 cdiersbsuiur.
548 2391 737 2458 Intendebet‘
752 2399 948 2469 formidinem,

80 2505 155 2580 quod
179 2503 290 2576 publici
304 2499 421 2558 consilli
435 2499 509 2556 lucie
523 2498 682 2556 discessum
699 2497 823 2566 Mutius,
847 2499 946 2556 deser·

80 2608 185 2676 taeque
198 2605 294 2674 partes
315 2600 417 2656 iurent.
459 2598 525 2654 Neo
548 2599 622 2654 nitra
643 2597 675 2654 in
701 2612 857 2654 commune
880 2613 950 2656 oon·

79 2700 180 2774 gressi,
193 2699 249 2755 sibi
262 2697 382 2772 quisque
403 2697 589 2754 consuluerez
610 2696 705 2752 donee
720 2695 826 2752 missae
848 2711 868 2752 c
894 2697 950 2753 Fu·

79 2799 129 2856 bio
156 2797 287 2854 Veiente
314 2796 456 2869 epistotae
482 2795 634 2856 demerent
660 2797 779 2852 metum.
814 2792 854 2851 iit
876 2811 953 2852 mors

107 2972 159 3020 saa
171 2969 377 3030 percunctatore]
405 2969 469 3039 ,Nom
483 2967 595 3030 quomodo
605 2967 674 3014 vitam
686 2965 850 3071 tnzeriumqus
860 2981 948 3038 confer.

79 3036 150 3089 varst,
160 3029 199 3078 sed
209 3030 320 3091 quomodo
329 3035 423 3088 posteris
437 3027 575 3083 laudaretur,
585 3029 708 3083 curantem,
742 3059 747 3070 .
760 3038 780 3071 e.
792 3039 850 3072 mors
859 3027 950 3074 iortrter

78 3090 230 3138 meditantem.
262 3088 322 3134 uns

106 3167 142 3214 Se.
157 3168 174 3212 i.
190 3167 254 3212 adut.
269 3163 382 3223 ‹sffsreiutl
398 3163 412 3210 i.
429 3162 533 3223 parabat,
549 3163 689 3221 ostendebat,
704 3167 854 3222 separatum,
869 3165 947 3214 audire

77 3223 368 3286 etacoipereaduiationes.
400 3221 460 3268 Erre.

108 3303 177 3350 Post.
197 3300 284 3347 mositii
293 3298 367 3358 socie]
387 3299 409 3344 b.
429 3313 448 3344 e.
465 3298 505 3353 ita,
522 3302 547 3344 ut
564 3313 608 3346 aon
626 3303 713 3344 terrore
729 3298 812 3356 subito,
831 3304 880 3358 eut,
896 3301 948 3348 dum

77 3361 222 3468 amians
246 3357 333 3462 ιξζῖιίιιι
349 3356 451 3414 consulit,
466 3357 503 3403 sed
520 3357 610 3416 publico
624 3357 718 3404 oonsilio
727 3359 830 3407 decretus
839 3359 948 3408 discessus
