2090 3838
106 193 133 240 n.
148 193 171 240 c.
189 193 224 244 ro.
328 191 397 240 aaa.
416 193 452 240 11.
504 195 581 242 car.
599 173 766 243 78.-80.
871 179 959 246 ·245

107 346 233 412 titudine,
254 357 374 420 repente
389 339 568 421 prociderat:
587 367 622 408 aa
647 331 759 422 postera
780 350 836 416 die,
856 354 960 410 eodem

106 447 226 520 vestigio
247 465 408 520 resurgens,
430 466 547 520 procera
568 455 599 505 et
632 449 716 506 latior
737 449 856 506 virebat.
877 469 959 526 grau·

102 546 135 600 de
163 546 192 602 id
228 563 458 620 prosperumque,
500 565 642 604 consensu
677 549 899 620 Haruspicum:
929 553 959 605 et

101 661 206 700 summa
227 644 370 702 claritudo
390 645 492 702 iuveni
520 647 672 703 admodum
697 647 878 718 Vespasiano
899 664 960 719 pro·

100 743 192 798 missa.
236 744 296 798 Sed
317 745 408 816 primo
429 745 611 816 triumphalia
627 753 656 800 et
674 741 849 802 Consulatus
870 753 898 802 et
915 745 959 803 lu·

100 841 196 898 daicae
218 841 361 898 victoriae
382 845 481 909 deeras,
502 845 627 917 inplesse
649 846 734 902 fidem
754 845 859 902 ominis
883 845 959 902 vide-

100 941 215 996 bantur:
237 946 268 996 ut
283 941 356 997 baec
370 943 491 1014 adeptus
513 949 566 1008 est,
581 943 712 1016 portendi
726 943 781 1000 sibi
804 943 960 1015 imperium

99 1041 240 1096 credebat.
283 1039 335 1096 Est
358 1041 494 1097 ludaeam
515 1043 592 1098 inter
607 1041 777 1114 Syriamque
799 1043 958 1110 Carmelus,

99 1138 137 1194 ila
157 1144 269 1194 vocant
289 1145 416 1196 montem
437 1141 599 1214 Deumque.
622 1159 676 1197 nee
696 1139 877 1200 simulacrum
896 1143 960 1198 Deo

100 1242 145 1294 aut
166 1239 305 1310 templum
326 1239 412 1296 situm
433 1239 576 1295 tradidere
591 1239 729 1310 maiores:
749 1257 827 1297 aram
847 1248 960 1298 tantum

101 1341 128 1392 et
147 1335 355 1394 reverentiam.
396 1337 461 1393 lllic
482 1338 659 1395 sacrificanti
681 1339 872 1411 Vespasiano,
891 1357 959 1396 cuns

97 1452 160 1506 spes
188 1437 321 1492 occultas
344 1443 471 1492 versaret
504 1436 611 1502 animo,
640 1437 784 1493 Basilides
807 1439 959 1506 Sacerdos,

98 1533 240 1606 inspectis
261 1533 421 1592 identidem
450 1535 535 1602 extis,
567 1535 733 1609 ‘Quidquid
761 1534 824 1598 est‚'
859 1535 961 1608 inquit,

99 1633 312 1704 ‘vespasiana
332 1636 406 1707 quod
428 1653 519 1706 paras,
539 1653 590 1690 seu
610 1636 726 1690 domum
741 1641 896 1699 exstruere,
910 1650 961 1690 seu

98 1733 259 1804 ‘prolatare
273 1749 369 1805 agros,
390 1733 455 1789 sive
483 1733 621 1804 ampliare
650 1733 782 1799 servitia,
803 1733 887 1788 alatur
907 1730 961 1787 tibi

97 1836 222 1903 ‘magna
236 1831 331 1897 sedes,
353 1832 488 1904 ingentes
512 1831 636 1897 termini,
652 1833 771 1890 mullum
794 1826 960 1888 huminum’

98 1930 159 1986 Has
173 1931 312 2003 ambages
332 1935 361 1986 et
381 1930 478 1986 statim
493 1935 650 2002 exceperat
664 1931 749 1998 sama,
769 1938 799 1986 et
811 1936 879 1986 tunc
894 1946 960 2000 ape

97 2027 199 2084 siebat.
221 2029 452 2102 necquidquam
473 2030 564 2102 magis
579 2030 608 2084 in
624 2047 673 2086 ore
695 2016 781 2104 vulgi.
803 2031 962 2087 crebriores

98 2129 173 2200 apud
201 2127 295 2201 ipsum
329 2145 499 2186 sermones:
533 2137 640 2203 quanto
666 2132 846 2204 sperantibus
880 2133 961 2202 plura

98 2227 243 2284 dicuntur.
286 2227 371 2284 Haud
392 2228 478 2284 dubia
491 2228 685 2286 destinatione
699 2230 874 2285 discessere:
899 2227 961 2284 lllu-
974 2231 1014 2292 79

100 2325 201 2382 cianus
224 2325 425 2391 Antiochiam,
457 2326 656 2398 Vespasianus
686 2329 880 2384 Caesaream:
912 2325 964 2381 illa

101 2423 216 2497 Syriae,
236 2425 310 2481 baec
323 2425 447 2480 iudaeae
461 2432 548 2497 caput
567 2431 620 2482 est.
662 2423 781 2482 Initium
802 2421 913 2478 serendi
927 2421 964 2480 ad

100 2522 317 2595 Vespasianum
346 2523 464 2594 lmperii
488 2522 685 2580 Alexandriae
719 2527 864 2594 coeptum,
888 2519 965 2577 lesti-

101 2629 192 2679 nante
222 2622 346 2678 Tiberio
361 2625 541 2690 Alexandro,
561 2623 687 2694 quiKal.
709 2623 763 2678 lul.
784 2627 966 2679 sacramento

99 2721 163 2784 ,cius
185 2721 317 2793 legiones
328 2721 435 2794 adegit.
477 2723 563 2794 leque
584 2721 690 2793 primus
705 2719 888 2792 Principatus
902 2720 964 2778 dies

102 2817 132 2876 in
158 2826 305 2892 posterum
329 2822 500 2884 celebratus,
519 2818 652 2892 quamvis
664 2819 799 2876 iudaicus
819 2819 965 2878 exercitus

101 2919 139 2976 V.
164 2919 244 2974 Non.
260 2919 314 2974 lul.
330 2919 406 2992 apud
429 2919 522 2990 ipsum
543 2916 675 2986 iurasset,
695 2933 731 2974 eo
745 2919 855 2985 ardore,
869 2925 902 2978 ut
928 2935 966 2976 ne

99 3017 192 3076 'Titus
212 3017 328 3091 quidem
343 3017 418 3073 lilius
431 3022 658 3089 exspectaretur,
682 3017 767 3090 Syria
782 3035 923 3085 remeans,
936 3019 967 3073 et

102 3115 290 3174 consiliorum
317 3115 393 3172 iuter
428 3114 598 3172 Mucianum
625 3131 660 3171 ac
694 3123 803 3189 patrem
841 3117 967 3173 nuntius.

96 3221 208 3278 ¹cuncta
223 3216 325 3288 inpetu
350 3215 473 3274 militum
501 3221 583 3273 acta:
605 3232 661 3272 non
689 3220 788 3288 parata
815 3217 968 3278 concione,

103 3333 161 3373 non
187 3313 352 3372 coniunctis
380 3315 551 3388 legionibus.
593 3315 671 3370 Dum
691 3313 836 3386 quaeritur
856 3317 1021 3381 tempausso

102 3415 251 3491 locusque,
265 3413 397 3488 quodque
409 3413 442 3470 in
456 3429 487 3469 re
502 3412 554 3468 tali
568 3409 780 3472 difficillimum,
793 3406 884 3474 prima
899 3419 968 3461 vox.
1036 3461 1037 3494 ,
