2114 3830
101 143 273 246 soar..
376 196 446 243 nm.
474 195 507 243 v.
559 195 637 243 ose.
656 177 689 244 3.
715 179 749 244 4.
854 151 977 246 'tol

141 349 260 415 Mosen
287 365 344 423 quo
376 349 433 406 sibi
457 349 488 406 in
524 354 669 423 posterum
703 353 820 424 gentem
847 349 1013 418 firmarem

102 464 203 506 novos
218 447 291 505 ritus
315 448 532 522 eontrariosque
556 448 662 505 ueteris
686 451 854 506 mortalibus
865 448 980 506 indidit.

97 547 235 605 Prolsnn
257 546 321 604 illio
345 546 455 610 omnis,
476 563 532 620 qus
572 547 648 619 apud
675 563 728 604 nos
748 563 850 604 saura:
872 563 981 604 rursum

102 661 251 704 oonoensa
261 646 336 718 apud
352 645 427 710 illos,
438 661 511 716 quae
523 645 606 702 noble
617 645 738 702 ineerta.
778 645 912 718 Effigiem
922 645 982 702 ani·

101 745 202 810 malis,
210 760 269 816 quo
277 748 455 800 monstrante
463 759 587 800 errorem
599 743 733 817 sitimque
746 745 924 816 depulerant,
934 761 983 816 pe·

102 831 214 901 netrali
228 859 403 898 sacravere:
424 857 512 898 caeso
526 841 626 906 ariete,
638 829 760 898 velutin
774 842 982 899 contumelium

104 941 293 998 Hammonis.
335 941 396 996 Bos
418 957 530 1013 quoque
551 939 724 1007 immolatur,
738 957 822 1013 quem
839 940 981 1014 Aegyptii

103 1040 191 1112 Apin
213 1041 323 1096 nolunt.
368 1039 427 1096 Sue
452 1037 610 1106 abstineut,
633 1037 770 1094 memoria
795 1038 896 1109 cludis,
924 1055 980 1112 qus

135 1212 213 1259 Nouos
221 1211 301 1273 Ritus]
318 1212 396 1259 Noros
406 1209 504 1273 quidem.
516 1211 554 1258 sed
564 1211 614 1259 Deo
622 1211 707 1270 dignm,
718 1226 773 1273 quos
784 1213 880 1260 a'l'aeitr'
887 1227 979 1262 censum

102 1287 205 1332 purgare
215 1271 305 1317 minime
316 1275 457 1326 decesserint,
468 1285 517 1316 oum
527 1275 562 1315 tot
572 1269 613 1316 viri
624 1271 705 1316 eruditi
717 1271 739 1316 id
750 1275 803 1318 ante
812 1287 852 1318 nos
862 1271 978 1332 praestite-

103 1331 161 1378 rint.
194 1329 255 1377 Satis
265 1329 294 1377 sit
311 1331 429 1386 monuisse,
444 1329 576 1399 Josepbum.
594 1328 656 1374 libris
671 1334 748 1376 contra
763 1331 873 1391 Apionenr
885 1332 902 1376 l.
913 1335 937 1376 et
948 1331 978 1388 ll,

101 1389 181 1436 omnia
202 1391 259 1434 baec
277 1388 386 1444 convicia,
411 1388 441 1434 ab
461 1391 558 1448 Aprone,
581 1387 709 1447 Apollonio,
731 1388 866 1445 Lysimacho
884 1389 979 1450 aliisque

104 1447 226 1495 maledicis
238 1449 285 1504 jam
296 1448 423 1502 decantata,
433 1447 522 1492 abunde
533 1446 646 1493 refutasse.

135 1527 209 1584 Apud
222 1526 342 1586 mammo]
372 1525 435 1572 Vere
450 1524 546 1586 quidem.
577 1525 652 1570 Unum
662 1524 721 1570 enlm
739 1524 812 1572 Deum
828 1525 917 1582 ludaei,
929 1526 976 1573 uo-

102 1585 398 1699 ηὖῗᾶιὲᾞῧιὲτίιὲῖιιῗῖῗυω
412 1584 538 1641 simulacra,
553 1583 650 1642 morbos,
660 1589 742 1644 pestes,
757 1583 856 1645 vitiaque
866 1583 977 1632 uolebant.

135 1722 211 1770 Nobis
229 1724 311 1769 inserts
353 1721 461 1768 Romanis
481 1721 566 1767 ineerta
586 1725 650 1768 erent
667 1737 696 1768 nu
714 1721 794 1768 tiaram
813 1735 901 1780 genem,
936 1737 979 1769 uae

104 1781 286 1852 apud-ludaeos
305 1723 367 1827 bere
385 1793 497 1827 esrncessa.
529 1780 566 1827 De
584 1780 672 1827 incestis
691 1736 783 1828 blandii
799 1786 823 1826 et
842 1737 980 1842 Agrippbnae

105 1847 194 1902 nuptus
204 1840 288 1886 drotum
298 1843 332 1886 est
346 1853 413 1900 supra
426 1838 505 1885 Annal.
522 1838 576 1893 xil,
589 1844 613 1885 o.
630 1845 653 1884 el
663 1853 686 1885 se
701 1853 722 1899 q.
755 1839 874 1886 lllaevero
888 1855 915 1886 nu

103 1899 184 1962 patrui
193 1914 244 1946 eum
253 1897 328 1946 fratris
338 1897 383 1944 illia
398 1911 441 1943 non
456 1901 507 1943 sunt
521 1897 648 2000 Erohibitae
657 1897 679 1942 in
729 1897 788 1944 vitie.
800 1898 888 1946 xvltl.
918 1846 979 1946 bltidb

104 1965 131 2005 et
143 1957 299 2014 Menochiurn,
310 1957 339 2002 de
348 1955 474 2017 Republica
484 1953 521 2001 He
537 1970 639 2002 meorum
651 1957 690 2011 tlt,
699 1959 734 2004 lo.
746 1971 805 2004 num.
817 1961 839 2004 2.

137 2036 247 2097 Effigiem
264 2035 379 2094 animatis]
411 2031 471 2080 Huic
489 2032 578 2078 tabulae
597 2033 728 2080 adversatur
746 2033 793 2094 ipse
812 2035 913 2091 Tacitus,
928 2051 978 2084 oum

105 2111 161 2145 mox
176 2097 234 2142 infra
249 2109 297 2156 oap.
307 2099 329 2140 ⁵.
341 2093 388 2151 ait;
407 2092 473 2138 nutu
487 2091 607 2138 simulacro
621 2092 716 2138 urbibus
734 2091 877 2149 ludaeorum,
895 2096 979 2145 nedum

104 2153 196 2264 {amris
201 2158 261 2258 ffibb'
272 2152 337 2268 νῗῑᾱ
347 2153 377 2198 de
386 2151 429 2197 hec
438 2149 514 2196 fabula
528 2149 593 2210 plura
608 2149 660 2197 vide
669 2151 692 2198 in
702 2150 768 2197 Notis
778 2157 801 2197 et
811 2151 978 2214 Emendationi-

138 2292 209 2361 Cueso
227 2291 313 2360 Ariete]
344 2289 410 2338 Haeo
428 2289 502 2345 meris,
523 2293 549 2360 ut
564 2292 642 2394 fatet,
665 2288 806 2359 conjecturis,
825 2289 903 2359 quibus
921 2289 978 2336 nihil

103 2353 218 2420 fallacius,
229 2356 337 2420 nituntur.
370 2351 406 2396 De
421 2349 478 2419 bove
506 2364 547 2453 ἔκ,
559 2407 565 2420 ,
579 2363 626 2395 orn
642 2347 776 2418 Hammonis
792 2355 866 2408 onprte
875 2355 977 2405 comuto,

107 2417 154 2458 eto.
173 2409 225 2454 vrde
236 2409 376 2465 Broterrrrm3
391 2408 419 2453 ad
429 2423 490 2465 cujus
522 2414 566 2454 oetr
582 2407 654 2453 Notas
668 2422 690 2453 rn
706 2413 847 2464 margrneet
862 2407 937 2454 Notus
953 2413 978 2454 et

105 2469 286 2518 Emendationes
295 2467 323 2513 ad
334 2467 394 2514 Hist.
404 2467 434 2514 V.
446 2467 552 2514 lectorem
562 2467 671 2513 curiosum
682 2466 745 2511 adire
754 2465 815 2512 lieet.

137 2547 185 2596 Sue
199 2547 318 2608 abstinent]
349 2545 414 2593 Haec
428 2551 547 2606 oeteraque
561 2560 587 2592 ex
604 2545 730 2602 conjectura
745 2545 815 2601 dieta,
830 2550 899 2606 alque
912 2545 977 2593 falsa.

108 2609 132 2656 N
135 2621 165 2654 on
175 2619 215 2653 sue
225 2611 320 2661 tautum,
331 2605 370 2651 sed
380 2605 448 2650 etiam
458 2603 571 2662 sanguine,
587 2604 716 2660 morticinis,
726 2603 900 2666 quamplurimis
910 2604 978 2660 etiam

107 2665 197 2720 avibus,
228 2664 315 2719 iscibus,
332 2663 470 2718 animalibus,
482 2663 546 2720 juxta
561 2663 621 2720 leges
637 2661 733 2710 levitic.
746 2662 778 2708 Xl
789 2669 813 2708 et
822 2663 979 2722 XVll‚absti·

108 2680 264 2774 nentsurbret.
298 2724 322 2769 ld
333 2727 409 2770 nutem
420 2723 512 2768 vetitum
523 2721 566 2768 Dei
576 2721 724 2782 providentia,
735 2721 772 2781 qui
826 2723 858 2768 uli
868 2723 900 2768 sui
911 2721 978 2769 saluti

108 2782 248 2832 consulebat.
272 2781 370 2842 Nempe,
381 2788 406 2826 ut
421 2786 482 2826 reete
490 2779 594 2826 observat
603 2779 703 2826 eruditus
714 2779 770 2826 Mes
787 2813 793 2835 ,
832 2781 892 2827 edico
901 2779 978 2839 Soura,

109 2859 160 2904 cap.
171 2845 193 2889 2.
205 2855 255 2902 pag.
267 2844 302 2898 1⁷,
317 2855 367 2886 eum
383 2842 406 2885 in
422 2838 456 2886 his
471 2838 614 2885 calidioribus
629 2837 761 2895 regionibus,
776 2839 817 2885 nisi
831 2845 936 2887 aesurata
950 2841 979 2888 sit

108 2903 183 2948 vietus
193 2900 260 2955 ratio,
270 2913 365 2960 corpora
381 2899 470 2958 leprosa
486 2897 560 2944 scabie
574 2896 639 2943 fenile
653 2897 783 2954 inficiantur,
798 2899 918 2946 interdieta
928 2905 980 2946 sunt

109 2959 204 3010 Judaeis
219 2958 355 3006 nutrimenta
370 2971 451 3012 erana,
468 2970 526 3018 quae
541 2958 563 3002 in
581 2956 670 3012 morbis,
686 2957 723 3017 qui
737 2962 810 3004 eutem
819 2965 936 3019 occupant,
947 2959 980 3006 in·

109 3022 230 3068 commoda
244 3022 295 3064 suut
310 3022 333 3062 at
347 3017 421 3064 noxia.
452 3016 488 3062 Sic
503 3014 557 3072 legis
571 3021 690 3076 praecepta
707 3029 750 3062 non
768 3017 941 3066 modoludseos
950 3017 980 3064 ab

108 3077 242 3126 idololatria
257 3081 282 3122 et
300 3075 362 3122 vanis
381 3074 522 3146 reltptoutbus
540 3074 681 3130 avertebant,
701 3075 739 3120 sed
757 3075 787 3121 ab
806 3077 906 3124 omnibus
925 3091 979 3138 quo-

110 3152 155 3200 qne
172 3133 318 3182 immunditiis
336 3148 402 3194 puros
426 3133 478 3180 silos
496 3133 647 3194 praestabant.
679 3133 803 3182 Brolers'sts.
834 3137 916 3182 Omnia
936 3139 979 3182 be·

111 3197 147 3256 gis
167 3195 285 3244 Musiacae
303 3197 424 3253 praecepta
442 3192 499 3239 bene
516 3207 543 3238 ex
570 3192 636 3250 testa,
660 3192 779 3250 illustrata,
798 3200 821 3240 et
840 3195 929 3240 detensa
947 3195 980 3240 in·

40 3272 45 3278 ·
109 3254 189 3324 venire
207 3254 275 3323 lineat
289 3251 311 3298 in
331 3251 389 3322 notis
412 3252 441 3321 sd
465 3251 528 3298 Test.
543 3207 603 3322 filet.
629 3251 751 3298 doctissimi
771 3251 904 3324 Priestleii3
920 3253 980 3300 Vide

110 3309 980 3438 stultiut.tutaturtumultuosetillut

109 3433 182 3477 ‘tun‘
214 3427 677 3489 (injussummapag.3tlll.inlrrsverb1s.
710 3427 799 3482 ‘Nune
810 3429 856 3474 sine
866 3430 941 3484 dubio,
952 3445 980 3478 ex

110 3489 229 3540 ‘omnibus
244 3487 378 3554 argumentis
392 3490 426 3547 (et
441 3487 470 3534 ed
488 3487 560 3536 multa
577 3486 622 3534 alia
637 3487 774 3548 comparatio
787 3487 880 3536 dilatari
894 3491 979 3554 posset)
