2100 3834
67 174 139 244 338
354 193 607 268 rarsroaraarrr
792 199 820 246 s.
838 199 869 246 v.
885 201 949 248 aaa.

66 349 126 408 ima
160 353 314 422 occupatu,
345 349 466 408 Oceano
488 349 635 422 inrumpit.
688 351 754 408 Nec
784 351 944 424 praevide·

67 455 132 506 rant
146 449 286 522 impetum
301 448 425 506 hostium
440 447 564 504 milites:
586 466 652 515 nec,
671 448 697 506 si
711 450 954 522 praevidissent,¹

67 548 137 606 satis
152 547 256 604 virium
270 548 307 604 ad
329 547 485 604 arcendum
499 540 578 602 erat.
620 547 715 620 Capta
739 547 827 621 igitur
851 555 880 604 et
895 548 952 610 di-,

68 655 149 721 repta
182 654 286 704 castra.
316 646 386 702 dein
420 663 521 718 vagos,
540 651 570 702 et
601 645 681 718 pacis
712 647 799 702 modo
821 647 945 714 effusos,

69 747 144 804 lixas
177 745 425 819 negotiatoresque
459 745 606 802 Romanos
626 745 779 802 invadunt.
842 747 942 804 Simul

69 844 194 902 excidiis
213 846 396 900 castellorum
417 843 615 900 inminebant:
637 861 711 918 quae
735 862 753 899 a
774 845 943 902 Praefectis

69 943 230 1002 cohortium
262 941 383 1000 incensa
412 947 490 1007 sunt,
518 940 585 1014 quia
617 941 735 998 defendi
766 943 940 1016 nequibant.

71 1042 163 1115 Signa
188 1041 356 1114 vexillaque
369 1045 399 1096 et
419 1040 493 1114 quod
508 1039 632 1096 miiitum
646 1040 677 1096 ia
701 1041 882 1111 superiorem
894 1041 952 1100 in-.

69 1143 149 1196 sutae
180 1147 290 1212 partem
309 1142 530 1212 congregantur,
557 1138 642 1194 Duce
672 1138 941 1212 Aquiliio,1’rimi·

70 1237 167 1311 pitari;
190 1253 295 1294 nomen
321 1237 412 1310 magis
425 1236 581 1302 exercitus,
601 1253 686 1310 quam
710 1239 804 1294 rohor.
848 1237 940 1310 Quip-

70 1353 116 1409 pe,
148 1334 255 1392 viribus
275 1335 437 1392 cohortium
462 1335 603 1401 abductis,
624 1334 772 1400 Vitellius,
800 1353 818 1391 e
853 1353 941 1408 prox·

71 1434 138 1492 imis
173 1432 348 1490 Nerviorum
397 1433 662 1507 Germanorumque
693 1433 784 1506 pagis,
816 1451 942 1508 segnem-

22 1527 60 1583 16
73 1549 223 1592 numerum
250 1530 338 1592 armis
357 1536 538 1588 oneraverat.
580 1531 697 1596 Civiiis,
716 1532 785 1588 doto
808 1547 940 1605 grassan-

71 1633 139 1692 dum
155 1638 241 1697 ratus,
261 1629 408 1690 incusavit
429 1632 504 1688 ultro
524 1629 701 1696 Praefectos,
715 1631 811 1704 ‘quod
836 1633 944 1688 castei-

75 1734 121 1790 ‘fa
134 1731 336 1790 deseruissent.
378 1729 417 1786 Se
431 1745 502 1788 aum
512 1729 641 1794 cohorte,
649 1727 697 1786 cui
711 1734 853 1800 praeerat,
862 1729 949 1810 Can-A

72 1829 249 1900 ‘nioefptem
259 1830 413 1888 tumrdtum
431 1844 673 1899 compressurum:
695 1828 738 1886 itii
753 1845 805 1886 sua
819 1829 947 1908 quisque!

71 1927 211 1986 ‘hiberna
225 1925 407 2000 repeterent.’
449 1927 574 1984 Suhesse
597 1926 725 1986 fraudem
750 1928 887 1994 consilio,
907 1933 949 1985 et.

71 2027 214 2098 dispersas
227 2025 360 2084 cohortes
385 2024 498 2082 facifius
522 2024 656 2096 opprimi,
676 2041 731 2082 nec
754 2025 938 2084 Brinnonem

72 2126 186 2186 Ducem
207 2124 269 2182 eius
294 2123 373 2190 heiti,
394 2124 446 2182 sed
469 2122 599 2182 (iivifem
619 2141 697 2191 esse,
715 2125 829 2196 patuitr
846 2141 938 2182 erum·

72 2223 205 2297 pentibus
239 2221 389 2298 paullatim
422 2221 549 2288 indiciis,
578 2239 652 2296 quae
680 2221 835 2289 Germani,
860 2225 938 2278 faeta

71 2325 150 2380 heffo
162 2340 243 2394 gens,
264 2339 322 2380 noo
335 2321 384 2379 diu
398 2321 628 2378 occuitaveraot.
666 2319 728 2376 vni
741 2319 868 2376 insidiae
889 2337 937 2392 pa·

71 2439 133 2482 rum
166 2438 290 2488 cessere,
320 2420 357 2478 ad
392 2418 455 2476 vim
482 2424 683 2491 transgressus,
713 2419 939 2488 Canninefates,

73 2520 192 2586 Frisios,
215 2520 343 2576 Batavos
368 2517 487 2590 propriis
511 2517 612 2574 cuneis
636 2517 793 2588 componit.
824 2519 947 2576 directa.
1047 2577 1048 2602 ,

72 2636 111 2678 ax
141 2618 258 2676 (liverso
284 2616 377 2684 acies,
393 2616 468 2674 haud
503 2617 605 2686 procui
632 2632 650 2671 a
682 2615 799 2674 flumine
821 2617 948 2696 Rheno,

73 2719 103 2770 et
121 2713 252 2770 obversis
285 2711 315 2768 in
336 2712 448 2768 hostem
475 2711 608 2778 navibus,
627 2727 706 2784 quas,
726 2709 856 2767 incensis
876 2729 942 2770 cas-

73 2811 160 2876 tefiis,
193 2811 264 2868 iiiuc
291 2811 469 2883 adpulerant.
501 2825 557 2864 nec
590 2808 640 2864 diu
660 2813 781 2876 certato,
802 2810 936 2885 Tungro-

72 2927 133 2966 rum
154 2910 257 2966 cohors
277 2907 361 2981 signa
390 2907 429 2984 ad
456 2906 585 2963 Civilem
605 2907 748 2964 transtulit
760 2926 771 2961 ι.
801 2908 938 2979 percuisi-

73 3025 127 3082 que
148 3006 255 3064 milites
276 3005 424 3078 inprovisa
445 3003 644 3077 proditiones
677 3003 764 3060 sociis
795 3005 936 3064 hostibus·

73 3125 128 3182 que
154 3106 360 3164 caedebantur.
401 3103 512 3159 Eidem
541 3102 630 3158 etiam
649 3101 772 3158 navibus
806 3103 937 3174 perfidia.

74 3205 145 3262 Pars
179 3202 317 3274 remigum
347 3217 364 3256 e
396 3199 528 3265 Batavis,
549 3205 692 3274 tamquam
713 3199 858 3271 inperitia,
878 3201 936 3257 otii-

73 3301 120 3357 aie
148 3304 296 3356 nautarum
323 3304 618 3371 propugnatorumque
649 3297 845 3370 inpediehant.
868 3315 937 3356 mox

72 3403 173 3458 contra
204 3397 334 3464 tendere,
363 3399 393 3452 et
426 3410 535 3467 puppes
565 3394 665 3488 hostili
697 3393 777 3471 ripae
797 3395 938 3458 obiicere.
