2100 3834
101 171 179 242 264
430 191 693 241 aasaoaraama·
826 195 856 242 a.
873 194 903 241 u.
920 195 973 242 aaa

106 344 340 404 tertiaedecimae
354 345 477 420 legionis
491 351 701 405 convenerant.
723 346 786 405 illic
814 347 974 421 agitavere,

106 449 291 520 ‘placeretne
304 445 411 502 obstrui
427 444 597 502 Pannoniae
614 447 715 518 Alpes,
738 448 833 503 donec
860 464 877 500 a
891 454 973 518 tergo

107 545 203 602 ‘vires
224 543 377 602 universae
404 551 631 617 consurgerenta
651 563 687 601 an
715 545 758 602 ire
785 545 917 602 cominus
945 547 976 601 et

107 649 236 702 ‘certare
252 661 302 716 pro
316 643 400 700 ltalia
420 643 604 699 constantius
619 642 712 700 toret!
751 645 864 717 Quibus
888 660 973 716 oppe-

107 743 156 800 riri
170 743 279 800 auxilia
302 747 331 798 et
360 741 472 796 trahere
498 743 605 798 bellum
627 741 976 809 videbatur,‘Germani·

107 848 224 898 ‘carum
258 840 404 913 legionum
433 837 494 896 vim
519 839 691 914 famamque'
713 843 908 905 extollebant,
922 847 929 872 ‘
943 845 972 896 et

107 938 280 996 ‘advenisse
295 956 361 995 mox
390 955 458 994 curn
488 937 613 996 Vitellio
641 938 805 998 Britannici
829 939 974 996 exercitm

107 1040 243 1094 ‘roborat
264 1037 333 1109 ipsis
358 1054 413 1093 nec
428 1053 576 1094 numerum
601 1054 697 1110 parem
713 1039 860 1110 pulsarum
885 1055 970 1110 nuper

108 1141 115 1167 ‘
127 1135 288 1208 legionum3
306 1141 344 1201 et,
355 1153 526 1208 quamquam
536 1136 672 1192 atrociter
681 1138 875 1210 loquerentur,
887 1138 970 1194 miuo-

108 1241 115 1266 ‘
128 1251 262 1290 ramesse
277 1234 352 1305 apud
367 1233 462 1290 victos
477 1235 614 1291 animum.
640 1235 709 1300 Sed,
722 1235 842 1292 insessis
857 1235 969 1292 interim

106 1337 113 1364 ‘
128 1332 261 1404 Alpibus,
278 1338 430 1388 venturum
444 1349 510 1388 cunr
524 1332 617 1405 copiis
638 1332 767 1390 Orientis
790 1333 968 1390 Mucianum.

107 1437 114 1463 ⁸
128 1431 285 1504 Superesse
301 1430 485 1504 Vespasiano
500 1447 587 1498 mare,
606 1433 726 1494 classes,
740 1431 836 1488 studia
858 1431 968 1504 provia-

108 1511 244 1597 ¹ciarum,
259 1547 309 1604 per
322 1547 391 1604 quas
413 1531 493 1586 velut
507 1529 625 1586 alterius
649 1530 717 1586 belli
743 1532 851 1586 molem
875 1531 969 1587 cieret.

108 1629 174 1685 ‘lta
188 1629 294 1685 salubri
321 1645 400 1684 mora
421 1644 514 1685 noras
539 1629 617 1685 vires
638 1629 747 1695 adlore,
772 1634 801 1686 et
821 1628 972 1702 praesenti·

77 1723 116 1782 2‘
130 1729 182 1784 bus
196 1728 269 1783 nihil
291 1725 467 1800 periturum!
508 1728 558 1784 Ad
581 1744 617 1784 ea
633 1727 779 1784 Antonius
804 1727 917 1784 Primus
936 1725 972 1804 (is

109 1824 266 1882 acerrimus
308 1825 378 1881 belli
411 1823 590 1903 concitator)
620 1825 864 1884 ‘testicationem
902 1825 969 1899 ipsis
1030 1803 1031 1816 ἵ

107 1921 238 1989 ‘utilem‚
261 1921 385 1979 Vitellio
409 1921 581 1991 exitiosam,’
607 1923 750 1981 disseruit.
774 1927 857 1997 ‘plus
883 1941 972 1982 socor-

107 2015 202 2088 ‘diae,
229 2038 312 2095 quarn
344 2021 476 2088 fiduciae,
500 2023 658 2080 accessisse
684 2022 848 2079 victoribus.
880 2038 969 2096 neque

108 2120 207 2178 ‘enim
234 2121 264 2177 in
290 2121 440 2193 procinctu
462 2125 493 2176 et
519 2121 621 2176 castris
648 2121 780 2178 habitos:
809 2138 861 2193 per
875 2119 970 2177 omnia

109 2222 238 2279 ‘ltaliae
263 2219 420 2292 municipia
443 2218 567 2285 desides,
592 2224 703 2275 tantum
731 2218 894 2290 hospitibus
921 2235 973 2274 nae·

110 2315 271 2376 ‘tuendosr
295 2323 402 2394 quanto
431 2317 556 2372 ferocius
583 2322 652 2373 ante
682 2334 713 2373 ae
741 2317 865 2390 agerint,
894 2321 972 2373 tanto
1029 2295 1030 2304 ἵ

111 2418 259 2490 ‘cupidius
284 2417 415 2475 insolitas
432 2419 593 2496 voluptates
615 2413 752 2485 hausisse.
795 2412 888 2471 Circo
911 2429 974 2487 quo·

110 2526 183 2589 ‘que
197 2535 232 2574 ac
253 2515 372 2574 theatris
398 2519 428 2572 et
455 2513 632 2570 amoenitate
647 2511 723 2568 urbis
747 2511 903 2578 emollitos,
927 2514 972 2567 aut

110 2617 344 2674 ‘valetudinibus
358 2614 457 2670 lassos.
499 2613 570 2677 Sed,
590 2611 690 2667 addito
703 2610 806 2683 spatio,
821 2611 972 2666 rediturum

110 2721 159 2771 ‘et
181 2715 226 2771 his
240 2715 323 2770 robur
348 2710 534 2768 meditatione
550 2709 627 2768 belli.
650 2727 705 2765 nec
730 2710 828 2786 procul
855 2708 970 2766 Garma-

111 2814 224 2876 ‘niam‚
248 2813 323 2868 unde
339 2811 436 2866 vires:
460 2807 641 2865 Britanniam
665 2807 738 2864 ireto
761 2806 873 2864 dirimi:
895 2807 972 2864 iuxta
1028 2849 1029 2888 ἢ

111 2911 242 2968 ‘Gallias
272 2908 503 2981 Hispaniasque3
523 2906 665 2980 utrimque
691 2906 776 2971 viros,
804 2922 903 2978 equos,
930 2901 972 2960 tri·

110 3012 214 3067 ‘butaz
235 3009 383 3081 ipsamque
398 3005 513 3066 ltaliam
529 3011 558 3060 et
571 3022 642 3076 opes
656 3003 751 3060 urbia:
772 3019 817 3068 aa,
831 3003 857 3059 si
872 3002 969 3059 inferre

111 3116 209 3164 ‘arma
224 3109 297 3162 ultro
321 3104 421 3167 velint,
436 3107 506 3158 duaa
530 3105 647 3166 classes,
674 3117 854 3175 vacuumque
883 3099 970 3174 lllyri-

111 3209 195 3262 ‘curn
210 3219 296 3258 mare.
337 3201 413 3272 Quid
429 3207 487 3255 tum
507 3202 632 3256 claustra
653 3199 792 3258 montium
807 3193 970 3276 prolatura?

141 3372 356 3432 flaminum]
389 3371 470 3418 Dictae
479 3385 566 3432 quoque
575 3373 655 3418 Juliae.
1027 3401 1028 3410 .

142 3454 208 3500 Πιωε
218 3451 310 3513 Classes}
342 3450 495 3496 Ravennatem
505 3455 529 3494 et
540 3450 700 3505 Misenensem,
710 3451 765 3499 via.
777 3452 860 3501 annal.
875 3451 914 3500 lV.
923 3455 945 3500 {a
