2158 3820
135 184 256 234 acea.
318 187 431 244 ,orn
457 189 532 238 xrv.
585 191 663 239 aar.
691 167 835 258 nuta
969 173 1015 242 41

125 338 225 410 lamae,
238 341 431 401 credentium
451 343 513 403 otio
535 346 724 420 nugabantur.
765 345 910 406 ceterum
924 343 1012 405 liber·

128 443 169 496 tua
190 441 291 499 Plauti
315 443 473 500 eeleritate
498 450 653 502 uentorum
673 445 828 519 praevenit
854 445 1012 506 Centurio·

126 557 201 609 uem,
235 545 268 598 et
304 543 446 600 mandata
486 542 523 602 L.
560 543 695 616 Antistii,
734 545 841 614 sonari,
880 545 1009 603 adtulit:

125 641 281 716 ‘effugeret
295 659 421 716 segnem
436 647 568 708 mortem,
582 643 691 702 otium:
714 642 870 718 auffuglum
884 649 915 700 et
931 661 1008 718 mag·

126 739 173 796 ‘ui
188 739 318 798 nominis
333 741 524 800 miseratione
538 749 717 816 reperturum
732 746 837 807 bonor,
856 741 1007 801 oonaoaiu·

125 843 233 898 ‘turum
261 842 401 898 audaces.
429 844 543 900 nullum
570 842 689 900 iuterim
714 841 1006 915 aubaidiumarlaper·

123 941 275 998 ‘nandum
290 941 317 997 ai
331 939 489 1015 sexaginta
504 939 611 999 militer
625 938 682 1019 (tot
696 942 777 1001 enim
790 938 1006 1020 adveniebant)

125 1039 336 1113 ‘propulisset3
371 1041 441 1097 rlum
475 1039 597 1098 retertur
629 1042 748 1099 uuntlur
781 1041 903 1110 Neroni,
934 1041 1006 1098 dum

127 1144 249 1196 ‘manua
264 1139 323 1196 aliu
339 1144 481 1212 permeat,
495 1141 585 1197 multa
600 1148 745 1206 aeratam,
766 1158 840 1216 quae
861 1141 898 1198 arl
913 1155 1004 1216 unqua

121 1237 228 1295 bellum
240 1240 458 1296 evaleaeareut.
470 1238 598 1313 (leuique
612 1246 661 1296 aut
676 1241 804 1298 aalutem
814 1239 868 1298 tali
876 1237 1004 1297 oonsilio

120 1342 249 1416 ‘quaeri,
270 1348 322 1400 aut
348 1343 422 1400 nibil
451 1339 572 1416 gravina
598 1345 729 1406 aurleutl.
757 1359 844 1418 quam
880 1341 1004 1417 ignavo,

122 1441 316 1516 ‘patiendum
340 1440 428 1498 ease?
469 1442 530 1500 Sed
556 1442 691 1500 Plautum
719 1459 755 1500 aa
783 1461 843 1501 uon
871 1447 1057 1508 morere59

120 1539 184 1598 aive
210 1543 323 1599 nullam
343 1557 430 1614 opem
453 1542 629 1616 providebat
652 1541 774 1613 inermip
797 1547 884 1614 atqua
907 1539 1004 1607 ansul,

121 1658 172 1697 reu
187 1641 288 1697 taedio
302 1641 458 1715 ambiguae
472 1639 545 1714 apel,
565 1657 604 1699 au
618 1657 718 1698 amore
739 1638 875 1716 coniugia
889 1647 918 1695 et
933 1637 1005 1696 llbe-

121 1756 226 1805 rorum,
266 1737 371 1814 qrrflua
406 1740 626 1813 placabiliorem
654 1739 716 1798 lore
756 1738 926 1811 Priuoipem
960 1755 1004 1795 re·

121 1839 214 1906 batur,
229 1841 313 1896 nulla
336 1839 537 1896 sollieitudine
552 1841 707 1897 turbatum.
749 1839 835 1904 Sunt,
849 1837 899 1913 qui
910 1837 1003 1895 ‘altor

120 1943 154 1995 ‘a
173 1957 279 1996 aooero
306 1939 434 2012 nuntior,
451 1937 578 1996 reniaae’
600 1939 704 2004 ierant,
729 1944 900 2013 ‘tamquam
925 1935 1003 1996 nibil

118 2045 222 2095 ‘atrox
236 2037 394 2096 inmineret
408 2057 417 2109 ς
438 2038 630 2112 doctoresque
645 2036 819 2114 sapientiae,
834 2035 1002 2094 Coeranum

117 2137 259 2203 ‘Graeci
296 2137 465 2194 Musonium
508 2137 604 2195 Tusci
638 2137 767 2212 generis,
802 2133 1002 2194 constantiam

117 2237 334 2310 ‘opperiendae
365 2237 475 2302 mortio,
503 2253 556 2308 pro
583 2236 698 2293 ineerta
726 2240 757 2292 et
784 2235 897 2307 trepida
928 2233 1001 2299 vita,

117 2334 284 2393 ‘suasisse'
335 2335 479 2408 Repertus
504 2341 548 2391 eet
577 2342 670 2398 aeria,
697 2351 749 2405 per
776 2331 903 2390 medium
931 2327 1002 2396 diei,

115 2437 210 2494 nudus
235 2435 432 2492 exercitando
462 2434 587 2509 corpori.
629 2433 738 2489 'l'alem
765 2447 834 2488 eum
858 2427 1003 2486 Centurio

117 2535 291 2600 trucidavit,
317 2551 418 2592 eoram
452 2533 612 2606 Pelagone,
637 2531 778 2604 erratione,
806 2543 891 2602 quem
920 2527 1004 2583 Nero

116 2631 295 2692 Centurioni
311 2639 342 2690 et
358 2631 517 2706 manipulo,
531 2631 614 2708 quasi
638 2628 814 2688 sateltitibus
837 2625 1002 2684 ministrum

114 2733 254 2808 Regium,
283 2737 499 2806 praeposuerat.
552 2733 650 2804 Caput
678 2727 829 2786 interiecti
858 2727 999 2782 relatum:

113 2833 201 2891 auius
212 2833 364 2904 adspectu,
374 2829 451 2906 (ipsa
465 2830 611 2902 Principia
628 2829 716 2884 verba
732 2821 869 2902 reseram)
883 2836 890 2856 ⁸
902 2819 1001 2894 Quio,’

113 2931 220 3007 iuquit,
249 2933 299 2988 ‘N
303 2948 363 2998 ero,
376 2930 511 3002 deponito
530 2933 619 2994 metu,
634 2925 750 2998 nupt-iae
776 2923 940 2996 Poppaeae,
961 2921 1002 2976 ob

112 3031 278 3088 ‘eiusmodi
295 3039 417 3087 terrores
431 3029 548 3092 dilatae,
564 3033 706 3083 maturare
722 3029 813 3096 parat,
827 3019 998 3078 Octaviam·

113 3137 194 3205 ‘que
215 3128 374 3203 coniugem
396 3129 530 3195 amatim
551 3124 685 3200 quamvis
710 3121 842 3178 modeste
869 3124 945 3192 agat,
967 3119 998 3178 et

115 3227 260 3287 ‘uomina
276 3229 376 3302 patris,
390 3235 421 3285 et
443 3226 546 3283 etudiia
564 3221 663 3298 populi
691 3235 812 3294 gravem
825 3214 857 3273 t’
880 3216 938 3272 Seri
959 3212 999 3267 arl

115 3329 261 3386 Senatum
288 3327 402 3386 litteras
427 3324 518 3395 misit,
545 3324 583 3379 de
611 3320 704 3378 eaede
727 3315 828 3372 Sullae
843 3310 999 3378 Plautique

154 3443 225 3486 ror..
247 3439 286 3486 ιι.
379 3419 382 3424 ’
537 3416 585 3479 a*
