2138 3818
110 135 159 209 ⁵2
286 223 288 228 ι
433 158 618 216 sansana
830 166 863 216 a
879 165 911 216 v.
927 170 976 220 rra

22 226 23 276 l

108 311 195 380 osius,
214 311 309 373 amnis
320 312 397 370 baud
420 315 584 388 spernenda
603 313 768 387 latitudine,
788 321 904 390 partem
918 337 975 379 mu⁴

109 429 202 472 rerum
220 412 332 476 ambit:
366 418 397 472 et
415 415 504 472 docte
524 414 628 488 ingens
648 414 800 492 tusamque
820 417 975 478 duviodit·

108 513 258 572 fidebatur.
300 514 476 588 lnereutque
499 513 608 572 milites
627 519 658 572 et
677 514 786 589 provisi
807 521 878 575 ante
898 533 974 576 com·

108 618 242 674 meatus:
262 630 384 688 quorum
413 614 556 672 subvectu
580 612 676 686 penei,
695 613 811 674 avidius
832 617 975 691 progressi

109 718 139 770 et
159 712 320 788 repentinis
339 712 469 770 hostibus
483 711 689 778 circumventi,
702 711 744 770 ira
763 713 866 788 magis,
887 733 973 790 quam

108 816 196 879 metu,
216 815 329 870 ceteros
359 813 564 870 accenderant.
619 812 680 868 Sed
694 812 809 869 'Partho
831 814 870 870 ad
891 831 973 872 esee·

108 912 237 986 quenda:
263 909 429 970 obsidiones
462 912 543 970 nulla
575 910 707 970 cominus
741 911 872 980 audacia,
903 911 973 970 reris

106 1009 238 1084 sagittis:
259 1027 353 1084 neque
385 1010 500 1070 clausos
532 1013 670 1077 exterret,
689 1014 720 1066 et
745 1016 838 1068 semet
859 1010 972 1070 trustra-

108 1112 161 1166 tur.
203 1108 361 1177 Adiabeni,
390 1124 457 1166 oum
489 1125 657 1180 promovere
688 1110 783 1168 scalm
803 1114 834 1166 et
864 1111 973 1168 machi·

107 1212 245 1266 cementa
288 1207 463 1280 inciperent,
496 1205 583 1266 tacite
616 1206 735 1276 detrusi,
768 1223 847 1274 mox,
882 1225 972 1268 erum·

77 1305 242 1380 ¹speutibus
263 1305 378 1373 nostris,
398 1304 566 1364 caeduntur.
607 1305 856 1374 corbunaceo,
878 1323 974 1380 quam·

107 1405 153 1464 ris
193 1405 330 1463 secundis
373 1405 457 1462 rebus
489 1403 558 1472 suis,
599 1404 808 1464 moderandum
841 1405 972 1466 tortuose

105 1508 193 1574 ratus,
235 1503 314 1563 misit
357 1504 394 1560 ad
433 1503 613 1578 Vologesen,
663 1503 713 1578 qui
754 1508 972 1578 expostularent

107 1606 188 1666 ‘vim
208 1605 379 1680 provinciae
403 1603 546 1676 inlatam:
580 1603 692 1662 socium
712 1604 896 1680 amicumque
917 1607 972 1666 lle·

106 1714 201 1782 ‘gem,
221 1707 356 1764 cobortes
376 1706 524 1763 Romanas
537 1703 746 1763 circumsideri.
766 1705 972 1780 omitteretpo·
1052 1783 1053 1786 Ἴ

106 1805 180 1864 ‘tius
194 1803 385 1870 obsidionem,
398 1809 448 1862 aut
461 1821 493 1862 se
508 1821 620 1879 quoqne
633 1803 665 1862 in
679 1821 748 1879 agro
761 1804 862 1862 boetili
876 1810 972 1868 caetra

104 1900 299 1978 ‘positurum’
329 1903 485 1976 Casperius
509 1903 659 1972 Centurio,
672 1904 703 1962 in
717 1921 783 1962 eam
795 1905 971 1978 legationem

103 2006 244 2070 delectus,
258 2003 334 2076 apud
353 2003 491 2076 oppidum
515 2002 644 2068 Nisibin,
668 2008 781 2076 septem
800 2008 832 2060 et
852 2003 971 2078 triginta
1051 2053 1052 2060 ,

103 2103 230 2163 millibus
244 2119 378 2177 passuum
392 2117 409 2158 a
424 2100 636 2174 Tigranocerta
647 2099 814 2168 eiulantem,
828 2102 901 2160 adiit
916 2102 972 2164 Re·

102 2219 178 2280 gem,
206 2208 237 2262 et
263 2201 401 2258 mandata
419 2198 554 2258 ferociter
580 2197 682 2257 edidit.
723 2199 868 2274 Vologesi
887 2207 971 2260 vetus

102 2310 133 2363 et
147 2303 261 2379 penitus
274 2301 398 2361 intixum
411 2305 481 2369 eret,
502 2315 581 2356 arma
606 2298 739 2356 Romana
759 2298 892 2356 vitandi:
914 2316 970 2358 nec
1050 2337 1051 2364 1

102 2404 267 2478 praesentia
290 2417 425 2476 prospere
445 2399 581 2458 fluebant.
602 2397 721 2456 inritum
745 2397 907 2456 obsidium:
930 2401 970 2456 tu
1050 2417 1051 2423 ¹

101 2507 148 2562 tus
172 2522 258 2563 manu
283 2508 314 2560 et
334 2500 427 2575 copiis
453 2497 617 2573 Tigranes:
638 2496 739 2572 iugali,
760 2497 809 2572 qui
823 2514 971 2572 expugna·

102 2601 211 2660 tionem
224 2605 424 2675 sumpserant:
445 2598 551 2656 missae
578 2597 609 2654 in
635 2596 806 2656 Armeniam
820 2597 969 2671 legionen:
1049 2637 1050 2672 ,

101 2706 132 2757 et
152 2701 228 2759 eliae
242 2717 294 2774 pro
309 2700 405 2772 Syria,
419 2703 536 2774 paratae
559 2699 634 2756 ultm
647 2696 827 2769 inrumpere:
849 2696 907 2753 sibi
928 2697 970 2754 iu·
1049 2675 1050 2695 ¹

101 2799 238 2858 becillum
258 2799 386 2874 equitem
401 2799 499 2872 pabuli
520 2798 627 2872 inopia.
648 2812 716 2854 nam
740 2801 843 2854 exorta
863 2797 911 2854 vie
931 2799 972 2856 lo·

100 2904 245 2957 costarum
267 2899 433 2956 ambederat
455 2900 591 2975 quidquid
616 2899 767 2958 herbidum
791 2903 840 2956 aut
856 2899 970 2966 trondo-
1048 2939 1049 2965 ,

99 3015 171 3056 sum.
212 2997 313 3072 lgitur,
326 3003 405 3058 metu
419 3001 559 3064 abstruso,
573 2998 689 3056 mitiora
698 2999 870 3066 obtendens,
885 2998 967 3056 ‘mie

99 3111 215 3156 ‘surum
233 3097 270 3156 ad
285 3097 492 3172 Imperatorem
507 3099 669 3156 Romanum
685 3099 806 3172 legatos,
821 3114 907 3172 super
921 3115 969 3172 pe·

98 3197 207 3252 ‘tenda
222 3197 364 3254 Armenia
377 3203 407 3253 et
419 3197 560 3256 firmanda
573 3195 665 3269 paoe,’
679 3198 843 3270 respondet.
866 3197 968 3258 Mone-
1047 3187 1048 3192 ¹

98 3311 150 3348 een
171 3293 324 3349 ‘omittere
340 3291 562 3366 Tigranocertn'
576 3294 673 3362 iubet:
693 3295 757 3368 ipse
771 3301 848 3352 retro
861 3313 967 3355 conce·

68 3389 150 3458 fidit.
172 3390 255 3446 Haec
269 3391 374 3462 plures,
387 3394 419 3446 ul
442 3390 616 3448 ‘tormidine
637 3392 726 3468 Regis
740 3399 771 3452 et
794 3395 966 3456 Corbulonis
