2100 3816
99 173 148 246 80
414 197 598 249 sanamur
812 206 844 253 n.
860 201 891 254 v.
907 208 965 256 ua-

97 355 128 408 et
141 349 297 424 aliquando
318 351 401 410 luxui
421 352 599 428 indulgebat.
640 355 731 430 idque
745 357 873 430 pluribus
901 377 967 434 pro-

97 453 232 521 babatur3
266 451 322 525 qui,
354 451 385 509 in
419 458 499 510 tauta
533 455 669 512 vitiorum
701 457 866 524 dulcedine,
887 475 967 517 sum·

1 553 4 636 l
96 551 345 624 mumlmperium
365 569 423 610 non
438 553 599 611 restrictum
618 569 674 611 nec
699 573 886 629 perseverum
914 575 966 616 vo·

45 641 169 710 larunt.
221 651 340 710 Initium
360 651 553 710 coniurationi
576 671 633 710 non
661 655 837 728 acupidine
870 657 977 731 ipsius

96 749 166 807 suit:
188 768 243 808 nec
271 759 367 808 temen
394 751 481 808 facile
508 753 737 820 memoraverim,
761 755 824 829 quis
851 757 963 829 primm

96 856 204 918 auctor,
238 849 319 907 cuius
351 849 490 908 instinctu
531 850 678 910 concitum
712 853 757 923 sit,
790 857 865 928 quod
900 861 962 914 tam

33 967 40 980 ⁸
97 950 180 1006 multi
193 955 383 1019 sumpserunt.
418 949 651 1018 Promptissimos
666 952 799 1008 Subrium
812 953 963 1023 Flavium,

97 1045 261 1104 Tribunum
278 1039 442 1105 Praetoriae
455 1048 591 1116 cohortis,
611 1057 640 1105 et
657 1047 817 1122 Sulpicium
834 1053 962 1124 Aeonum

97 1143 305 1202 Centurionem
338 1145 495 1212 exstitisse,
528 1147 692 1204 constantia
723 1149 820 1206 exitus
848 1151 960 1207 docuit.

95 1241 136 1300 Et
150 1243 287 1300 Lucanus
310 1246 459 1311 Annaeus,
481 1243 666 1320 Plautiusque
691 1247 863 1312 Lateranus,
884 1249 964 1308 Con·

94 1341 137 1398 sul
157 1341 333 1413 designatus,
354 1341 455 1398 vivida
468 1343 536 1399 odia
549 1344 681 1401 intulere.
722 1345 874 1406 Lucanum
896 1367 961 1422 pro·

95 1439 175 1512 priae
196 1456 315 1496 caussae
334 1443 544 1508 accendebant,
567 1444 641 1516 quod
672 1444 778 1503 lamam
797 1448 961 1508 carminum

95 1536 157 1594 eius
185 1539 331 1610 premebat
353 1539 440 1604 Nero,
461 1539 699 1616 prohibueratque
725 1549 882 1613 ostentare,
909 1563 960 1606 va·

93 1651 149 1692 nus
179 1636 382 1693 aemulatione.
436 1637 621 1705 Lateranum,
642 1640 799 1700 Consulem
826 1645 962 1720 designa·

95 1737 163 1800 turn,
180 1736 258 1789 nulla
271 1733 385 1800 iniuria,
408 1735 460 1792 sed
481 1753 562 1794 amor
586 1738 719 1810 Reipubl.
739 1742 874 1800 sociavit.
917 1747 963 1804 nt

95 1829 217 1888 Flavius
251 1831 396 1888 Scevinus
429 1839 460 1890 et
491 1835 625 1894 Afranius
654 1839 856 1910 Quinctianae,
883 1847 960 1902 uter·

94 1945 149 2002 que
183 1929 327 1985 Senatorii
355 1931 472 2000 ordinis,
502 1940 603 1992 contra
635 1935 740 1995 laruam
768 1939 822 2007 sui,
851 1941 960 2014 princi·

93 2025 172 2101 pium
187 2027 260 2082 tanti
273 2025 408 2086 facinoris
428 2033 619 2102 capessivere.
662 2035 740 2094 Nam
757 2039 888 2096 Scevino
900 2042 960 2100 dis·

93 2125 188 2181 soluta
203 2127 271 2182 luxu
286 2143 377 2193 mens,
398 2134 427 2184 et
448 2131 568 2204 proinde
590 2131 650 2189 vita
674 2151 777 2192 somno
802 2139 960 2212 languida:

95 2222 287 2295 Quinctianae
311 2225 433 2284 mollitia
454 2231 584 2301 corporis
603 2231 729 2302 infamis,
750 2243 779 2294 et
802 2239 957 2298 aNerone

93 2324 229 2394 probroso
266 2323 394 2380 carmine
427 2325 600 2394 diffamatus,
632 2331 825 2392 contumelias
864 2339 957 2397 ultum

41 2425 81 2484 58
93 2419 162 2477 ibat.
203 2421 290 2494 Ergo,
313 2424 380 2482 dum
400 2423 505 2482 aerim
526 2425 678 2504 Principis,
699 2437 725 2488 el
742 2432 832 2510 finem
858 2435 958 2495 ederae

91 2516 215 2594 Imperii,
246 2517 473 2598 diligendumque,
506 2523 555 2600 qui
575 2525 667 2604 sassie
699 2529 782 2588 reduc
813 2549 957 2593 succurre-

91 2621 141 2681 ret,
162 2618 238 2674 inter
257 2635 289 2674 se
313 2625 362 2676 aut
390 2622 466 2678 inter
488 2623 597 2682 amicos
617 2626 738 2696 iaciunt,
757 2632 956 2706 adgregavere

93 2715 226 2772 Tullium
261 2717 467 2786 Senecionem,
499 2723 668 2782 Cervarium
698 2727 860 2796 Proculum,
882 2733 957 2790 Vul-

90 2813 198 2872 catium
230 2814 392 2882 Araricum,
426 2818 530 2877 Iuliana
565 2821 757 2897 Tuguriuum,
788 2827 975 2890 Munatium·

91 2911 223 2978 (iratum,
259 2913 420 2972 Antonium
454 2917 601 2988 Natalem,
640 2921 779 2982 Martium
823 2929 955 2998 Festum,

89 3009 211 3084 Equites
244 3010 406 3070 Romanos:
440 3031 479 3072 ex
513 3019 615 3090 quihus
650 3022 823 3092 seneciae
844 3027 956 3098 praeci·

89 3125 146 3182 pua
165 3109 358 3175 familiaritate
382 3113 518 3182 Neronia,
541 3119 670 3189 speciem
695 3121 843 3181 amicitiae
863 3125 954 3184 etiam

119 3281 247 3353 Qum]
285 3285 337 3336 Quo
353 3283 591 3356 nobilioremupoetam
608 3307 652 3339 non
670 3293 724 3340 tulit
742 3295 867 3356 Hispania:
888 3299 955 3348 nimis

89 3342 177 3412 gurdam
187 3344 305 3399 turgidum,
320 3343 359 3388 sed
374 3349 496 3400 argumenta
506 3346 621 3407 dignitate,
637 3353 765 3409 granditate
777 3356 853 3412 animi,
864 3365 954 3406 senten·

89 3405 169 3448 trarum
178 3401 302 3461 majestate,
312 3399 403 3462 ipsaque
412 3401 528 3451 verborum
538 3407 656 3470 gravitate,
666 3410 789 3484 laudatum.
821 3413 886 3465 nna
