2100 3834
97 206 220 256 near.
326 149 776 256 ura.rrr.'cer.ll.12.
886 187 961 258 271
1041 179 1042 274 ξ

95 359 309 432 adgrediuntur,
330 360 406 434 arrad
431 377 500 426 nou,
528 362 559 418 ut
578 358 667 432 prius,
694 361 793 420 labore
819 365 851 420 el
876 379 965 435 opera
1041 317 1042 320 Ἴ

96 457 196 525 fusae,
217 459 270 516 seri
285 457 383 515 medio
395 453 456 516 disi
474 464 661 516 currenni:
687 461 811 534 vulgatis
824 461 965 532 sablolio,

95 574 163 630 quas
179 557 352 616 Saturninus
375 557 412 614 ad
428 556 581 616 Vitellium
606 559 760 632 scripsisse
783 561 964 618 credebatur.

97 654 140 712 Vt
152 655 224 712 otim
240 655 355 712 virurlis
383 656 607 729 medullasque,
623 663 693 716 tunc
721 659 908 731 procacitatis
934 662 966 716 et

95 753 284 827 petulantiae,
303 758 453 811 certamen
467 759 543 821 eratr
558 773 596 812 ne
617 756 711 814 minus
722 756 869 814 violenter
885 757 964 830 Apa·

95 852 184 917 sun,
197 868 284 926 quam
304 851 491 917 Flavianum,
509 854 548 908 ad
575 855 749 926 supplicium
763 856 963 927 deposcerent.
981 923 986 930 ,

96 951 212 1024 Quippe
234 949 385 1008 Moesicae
400 949 538 1024 legiones,
553 949 679 1008 Midan
699 969 718 1010 n
738 969 768 1010 ae
794 951 965 1010 Pannonico-

93 1065 157 1106 mm
188 1046 332 1115 ultionurr,
364 1049 531 1112 relerentes,
556 1056 588 1106 et
614 1050 787 1117 Pannonici,
814 1054 892 1108 velul
916 1053 964 1110 ab·

96 1133 281 1206 soluerentur
294 1147 415 1207 aliorum
435 1146 590 1215 seditione,
610 1147 715 1206 iterare
728 1151 844 1222 culpam
858 1152 964 1224 gaude·

94 1246 174 1304 bant.
219 1246 254 1303 ln
269 1246 376 1312 burlos,
388 1245 419 1305 iu
440 1247 542 1318 quibus
556 1248 768 1306 devertebatur
782 1250 963 1318 Saturninus,

93 1350 228 1419 pergrrnt.
249 1361 307 1402 nec
323 1349 381 1402 tarn
397 1343 509 1402 Primae
523 1350 554 1402 et
570 1346 742 1417 Aponianus
766 1354 797 1404 et
812 1348 961 1413 Messalla,

90 1459 267 1518 quamquam
274 1442 354 1500 omni
364 1444 450 1500 modo
459 1442 525 1509 nisi,
532 1443 663 1516 eripuere
674 1445 871 1510 Saturninum,
877 1463 963 1519 quam

95 1542 261 1599 obscuritas
277 1543 458 1608 latebrarum,
472 1543 573 1616 quibus
587 1546 783 1608 occulebatur,
796 1545 964 1602 vacantium

92 1647 172 1698 surtc
193 1641 361 1696 balnearum
375 1640 539 1698 fornacibus
552 1643 677 1700 abditus.
699 1640 901 1721 manumissis
915 1641 965 1700 lic·

91 1739 213 1805 toribus,
235 1739 390 1796 Patavium
400 1739 557 1796 mamert.
600 1741 739 1813 Digressu
760 1741 963 1798 Consularium

89 1837 142 1894 uni
165 1837 298 1894 Antonio
319 1835 364 1894 vis
391 1854 427 1894 ac
456 1843 583 1910 poteslas
611 1838 642 1894 in
672 1843 822 1912 utrumque
849 1839 962 1898 exerui·

91 1941 154 1994 lum
181 1934 246 2001 suit,
265 1934 436 1992 cedentibus
456 1935 598 2008 conlegis,
618 1943 649 1992 et
674 1937 806 1996 obversis
834 1939 959 1996 militum

89 2033 207 2092 studiis.
228 2019 286 2090 aec
299 2034 429 2099 deerant,
451 2034 499 2107 qui
522 2035 685 2100 crederent,
718 2043 866 2109 utramque
887 2035 962 2094 sedi·

90 2133 205 2190 tionem
217 2131 315 2188 trsuue
344 2131 470 2192 Antonii
483 2138 626 2204 coeptam,
647 2141 679 2190 ut
692 2136 769 2190 sulus
799 2136 876 2190 bellu
889 2135 962 2190 irue-

90 2237 181 2290 retur.
222 2230 271 2286 Ne
285 2229 315 2286 in
343 2229 461 2286 Vitellii
474 2231 590 2304 quidum
606 2231 733 2304 partibus
753 2230 868 2303 quietae
883 2248 960 2288 men·
974 2238 1013 2296 12

91 2334 148 2396 tes,
183 2327 352 2384 exitiosiore
376 2328 531 2396 discordia,
553 2347 610 2386 non
633 2327 847 2402 suspicionibus
871 2329 962 2401 vulgi,

89 2429 143 2484 sed
160 2425 281 2497 pertidia
303 2427 428 2492 Ducum,
450 2429 642 2484 turbabantur.
685 2426 817 2484 Lucilius
844 2425 962 2494 Bassus,

90 2525 197 2584 classis
232 2525 414 2582 Ravennatis
450 2524 625 2592 Praefectus,
660 2525 808 2598 ambiguos
836 2525 961 2584 militurn

89 2624 217 2689 animos,
244 2625 320 2696 quod
347 2640 454 2696 magna
478 2641 542 2696 pars
578 2624 732 2680 Dalmatae
758 2623 960 2700 Pannoniique

90 2727 187 2789 erant,
206 2738 281 2795 quae
298 2721 468 2793 provincias
497 2722 682 2792 Vespasiano
696 2724 878 2790 tenebantur,
899 2742 962 2796 par·

91 2821 172 2880 tibus
191 2819 254 2876 eius
274 2820 492 2894 segregaverat.
534 2820 603 2876 Nox
630 2819 786 2891 proditioni
801 2824 906 2890 electa,
920 2827 960 2892 ul,

90 2919 200 2980 ceteris
222 2905 339 2993 ignaris,
359 2919 414 2976 soli
436 2919 466 2976 iu
486 2918 629 2992 principia
649 2920 811 2978 delectares
837 2922 960 2980 coirent.

89 3019 203 3078 Bassus
225 3019 341 3090 pudore,
360 3035 410 3074 seu
433 3023 521 3084 metu,
541 3017 670 3090 quisnam
694 3017 790 3076 exitus
810 3020 891 3084 iuret,
920 3021 961 3078 in·

91 3122 139 3176 tra
160 3117 276 3174 domum
296 3117 505 3188 opperiebatur.
549 3115 717 3172 Trierarcbi
731 3109 837 3188 magno
858 3119 960 3174 tumul·

90 3221 125 3274 lu
136 3213 257 3272 Vitellii
276 3214 417 3286 imagines
439 3215 590 3281 invadunt,
610 3219 639 3270 et
651 3215 751 3285 paucis
766 3213 961 3270 resistentium

92 3312 284 3379 obtruncatis,
305 3317 433 3370 ueterum
449 3314 562 3384 vulgus,
583 3329 675 3368 rerum
703 3325 842 3366 novarum
857 3309 962 3371 studio,

92 3412 126 3470 in
138 3411 356 3484 Vespasianum
383 3410 555 3468 inclinabat.
597 3408 678 3463 'I'um
693 3417 859 3476 progressui
877 3401 964 3456 Luci·
991 3429 995 3436 ·
