2090 3838
83 181 154 252 102
370 199 621 252 rrrrnonmnrur
800 197 951 251 nuum

78 355 193 422 itinero,
212 355 269 414 ruri
301 355 411 423 domur,
430 353 546 428 plurimi
570 353 728 412 amicorum
746 357 836 420 teoto,
855 358 899 422 et,
912 359 948 412 nt

80 454 184 528 eoique
198 452 375 512 humittimur
388 451 491 518 eliens,
511 451 639 510 ineertes
654 453 778 510 latebras
800 451 947 525 petivere.

29 546 70 605 82
82 551 211 612 Militum
224 553 340 626 inpetus
354 569 391 610 ne
406 551 512 609 iorihur
530 549 646 626 quidem
660 550 763 624 psintii
788 551 949 619 dormitus,

80 667 138 726 quo
171 653 265 708 minus
298 649 471 709 eonviviom
502 649 709 722 inrumperent,
741 645 853 708 edendi
889 647 948 706 eidi

80 747 216 806 Othonem
248 750 487 822 expostulantes:
515 750 669 804 vutnereto
692 745 769 804 lulio
795 745 946 814 Martiale,

81 847 225 914 Tribnnm
245 851 276 902 et
297 833 433 904 Vitentb
445 845 612 912 Setumino,
632 844 785 902 Praefecto
808 843 947 919 legionis,
1036 849 1037 928 J

80 945 148 1002 dum
168 945 316 1004 ruentibus
335 943 488 1002 obsistunt.
528 942 667 1017 Vndique
687 959 766 1000 erma
779 947 810 998 et
837 929 946 1012 minse,
1036 987 1037 1022 ἶ

79 1043 211 1102 modoin
238 1042 432 1102 Centuriones
460 1039 674 1114 Trihsrnosque,
693 1040 780 1096 modo
798 1039 831 1098 io
853 1041 947 1098 snm·
1036 1045 1037 1050 ’

80 1145 142 1198 tuor
155 1141 340 1198 universumr
361 1138 519 1214 lymphari·
538 1153 630 1196 oneoo
648 1153 757 1211 prvore
769 1137 887 1205 enims,
906 1142 947 1208 et,
1036 1143 1037 1146 ’

81 1239 148 1313 quit
168 1237 317 1301 neminem
337 1254 425 1294 unum
438 1237 585 1294 destinare
605 1235 667 1294 irre
690 1241 833 1309 poterunt,
854 1237 945 1294 tinen·
1036 1229 1037 1308 j

81 1335 152 1398 tiom
172 1335 204 1392 io
224 1352 325 1392 omnes
346 1336 539 1408 poscentibus.
558 1336 655 1392 donee
673 1333 761 1401 Otho,
779 1341 885 1392 oontro
898 1335 946 1394 de·

82 1449 134 1492 our
154 1433 284 1506 Imperii,
316 1433 400 1491 thoro
420 1433 568 1502 insistens,
602 1433 734 1506 preoihur
753 1437 784 1490 et
803 1427 942 1506 teorynrie
1036 1417 1037 1438 ¹

82 1547 168 1606 aegre
181 1531 332 1589 cohibuit:
353 1531 555 1606 redieruntque
579 1529 610 1588 in
624 1535 719 1589 eostre
731 1529 829 1598 inviti,
850 1547 945 1606 neque

74 1623 265 1688 'innoeentes
306 1629 427 1694 Postero
446 1629 504 1696 die,
526 1631 606 1686 vetut
619 1634 705 1702 nupto
726 1629 804 1696 urhe,
823 1631 945 1688 oiousne

82 1729 205 1786 domus:
226 1745 304 1786 rurus
325 1746 376 1801 per
392 1727 457 1785 vies
471 1730 610 1800 popuiue;
631 1733 741 1786 moeste
766 1730 867 1802 plebes
898 1731 948 1786 de·

82 1826 154 1884 ieoti
164 1827 308 1884 interram
318 1825 441 1884 militum
453 1828 559 1892 unitus,
571 1823 608 1884 oo
623 1827 686 1899 pius
700 1825 845 1894 tristitiae,
859 1843 946 1900 quom

82 1923 290 1999 poenitentioe.
346 1923 549 1998 Muniputatinr
576 1925 704 1982 adlocuti
723 1931 791 1983 runt
810 1925 950 1984 Licinius

83 2021 223 2080 Proculus
236 2026 267 2077 et
287 2020 398 2078 Plotius
421 2021 545 2088 Firmus,
566 2022 771 2089 Praesentia
799 2041 852 2080 uuo
871 2025 947 2098 quir·

83 2137 139 2194 que
162 2118 283 2192 ingenio
302 2118 400 2176 mitius
420 2124 470 2176 out
500 2119 650 2176 horridius.
692 2119 776 2178 Finis
804 2123 946 2180 sermonis

83 2216 116 2282 in
143 2234 187 2282 eo,
218 2224 250 2274 ut
279 2216 367 2292 quino
400 2215 492 2274 mittin
512 2235 630 2276 numum
662 2217 784 2292 singuiis
804 2219 946 2278 militibus

84 2320 311 2374 numerarentur.
353 2313 433 2372 'Pom
448 2315 526 2372 Otho
546 2316 659 2389 ingredi
672 2324 768 2376 oestro
787 2335 881 2376 eurus
904 2323 947 2376 nt·

87 2431 143 2489 que
173 2414 254 2472 illum
286 2413 412 2470 Tribuni
442 2413 690 2488 centurionesque
719 2415 946 2486 oiroumsistunt,

84 2513 207 2570 obiectis
227 2512 349 2570 militine
379 2509 549 2584 insignibus,
569 2510 655 2568 etitem
676 2519 703 2570 rt
721 2512 841 2572 sumen
868 2515 948 2590 hugi*

85 2614 190 2666 tontes.
232 2609 330 2666 Sensit
350 2609 491 2668 inuidiam
517 2609 610 2678 mites,
643 2617 673 2668 et
705 2613 885 2685 componitur
915 2615 947 2672 iu

84 2707 262 2782 obsequium,
275 2713 402 2764 mederer
413 2705 555 2766 seditiosis
567 2707 607 2766 od
616 2707 782 2784 errpph'm'em
794 2713 872 2769 uitro
886 2729 949 2784 por·

34 2798 76 2858 83
87 2805 206 2860 tutabat.
239 2803 328 2864 ¹Otho
341 2820 511 2877 quamquem
537 2803 657 2862 turbidis
671 2807 756 2862 rebus
778 2813 808 2862 et
821 2806 948 2864 diversis

85 2902 209 2958 miiitum
224 2901 337 2966 animis,
349 2918 416 2958 oum
434 2901 559 2974 optimus
572 2902 691 2978 quisque
705 2901 855 2960 rentem
864 2921 948 2980 pror·

86 2995 173 3056 sertio
193 2995 318 3054 licentior
338 3003 488 3072 posoeretq
510 3001 613 3074 vulgus
632 3006 662 3057 et
681 3003 785 3074 plures,
798 3003 949 3062 seditioni·

86 3098 139 3155 bus
160 3101 190 3155 et
200 3095 355 3152 ambitioso
379 3089 506 3168 l‘mperio
519 3098 597 3164 loeti,
618 3116 669 3170 per
689 3100 830 3156 turbaret
850 3108 947 3174 reptos

7 3215 8 3220 ¹
63 3205 66 3214 ·
86 3193 200 3252 ieoitius
215 3194 251 3250 ed
265 3193 355 3250 divite
377 3195 483 3250 heitom
508 3195 737 3269 inpellerentur:
758 3196 842 3254 simut
854 3241 857 3246 .
869 3216 948 3271 repu-

88 3296 163 3357 tans,
195 3309 253 3350 non
282 3308 364 3362 posse
393 3291 599 3365 Principem,
632 3298 743 3352 sceiere
777 3297 947 3370 quoesitunn

86 3389 180 3446 subita
195 3387 335 3446 modestia
352 3393 382 3446 et
395 3388 489 3462 prison
507 3391 652 3463 grauitate
667 3392 805 3452 retineri:
826 3395 880 3460 sed
893 3395 951 3452 dir·-
