2100 3816
76 212 192 264 nnnc
292 213 363 260 mn.
381 213 403 260 1.
455 185 537 262 cns.
568 189 737 262 cti-38.
859 197 930 266 158

73 368 172 424 ‘rilem
190 367 349 432 introitum,
369 371 400 424 et
419 367 498 426 hunc
518 369 611 426 solnm
630 367 745 428 tinlbne
768 367 930 438 victorium,

70 472 159 532 ‘cnm
191 466 222 522 in
248 466 342 524 oculis
374 467 460 534 urbis,
491 467 639 526 decumus-i
668 469 782 526 deditos
808 471 930 537 iuberet.

73 568 151 636 ‘quos
169 567 360 656 deprecnntes
388 567 418 624 in
440 566 527 624 tillem
546 573 710 640 acceperet.
762 567 817 626 llis
837 567 930 642 nuspi-

72 662 138 719 'ciis
158 665 252 721 urbem
274 665 431 738 ingrcnsus,¹
460 683 546 740 quum
565 665 687 740 glorium
716 667 753 724 orl
783 666 931 739 Principu-

74 763 147 817 ‘tnm
164 763 275 828 adtulit,
295 763 352 822 nisi
372 763 464 822 occisi
484 760 648 822 Obultronii
679 764 782 824 Sutrini
810 769 840 822 et
862 765 932 824 (lor-

75 860 157 916 ‘nelii
188 861 326 920 Marcelli
359 861 389 918 in
426 862 579 934 Hisponis,
613 863 701 920 Betui
732 863 867 922 Chilonis
900 861 932 922 in

75 956 190 1028 ‘Gellin
224 959 345 1018 Fonteii
377 960 530 1034 Capitonis
563 961 594 1018 in
630 961 800 1028 Germanic,
833 960 933 1020 Clodii

76 1054 179 1116 ‘Macri
199 1059 229 1116 iu
254 1058 366 1126 Alrins,
395 1059 534 1132 Cingonii
565 1060 596 1118 in
618 1062 676 1128 vin,
706 1059 873 1133 Turpiliani
901 1061 932 1118 in

77 1156 163 1224 ‘orbe,
181 1157 358 1231 Nymphidii
377 1157 409 1216 in
428 1156 557 1216 castris?
618 1157 700 1232 Ques
732 1176 849 1233 usquem
870 1175 932 1234 pro·

79 1252 197 1324 winsia,
217 1272 293 1330 quse
324 1262 422 1314 cestro
454 1263 530 1324 sunl,
550 1256 608 1318 nisi
636 1264 757 1316 cruente
776 1263 807 1316 et
836 1274 932 1318 mecu-

77 1351 169 1412 ‘lelsi
198 1360 259 1422 sot,
292 1361 322 1412 ut
349 1353 412 1427 ipse
444 1355 601 1428 praedicnt,
630 1359 784 1418 emendato
814 1363 844 1414 et
870 1373 932 1416 oor·

78 1451 190 1512 ‘reclei
250 1454 340 1522 Nam,
373 1471 447 1529 quse
480 1455 532 1512 slii
565 1457 686 1521 scelere,
721 1454 769 1514 hio
803 1453 933 1512 remedia

78 1552 191 1608 ‘vocut2
228 1553 298 1610 dum
331 1553 411 1610 lelsis
444 1552 619 1620 nominibus,
658 1553 848 1610 severitatem
881 1566 933 1624 pro

78 1649 217 1718 ‘suevitin
268 1651 473 1724 parsimoniam
517 1668 569 1723 pro
610 1651 746 1720 evorilin,
790 1648 934 1722 supplicis

78 1751 119 1804 ‘et
159 1751 355 1824 contumelias
401 1755 522 1816 vestros,
543 1749 750 1822 ‘disciplinam
795 1748 933 1820 uripellet.

78 1847 204 1922 ‘Septem
225 1868 243 1906 u
264 1849 391 1908 Neronis
420 1846 477 1908 line
510 1847 849 1916 menisminorum
870 1847 933 1920 plus

77 1947 177 2019 ‘rapuit
204 1949 312 2013 Icelus,
336 1965 422 2020 quom
442 1948 518 2022 quod
544 1946 690 2018 Polycleti
710 1952 740 2004 el
765 1944 881 2004 Vetinii
902 1949 934 2004 et

76 2043 144 2102 ‘Elii
158 2051 342 2118 potaverunt.
366 2045 481 2102 Minore
495 2044 620 2102 iveritis
632 2061 668 2101 uc
690 2044 812 2106 licentio
825 2059 935 2118 gruun-

79 2142 131 2199 ‘tus
150 2149 227 2200 esset
252 2143 293 2202 'l’-
318 2143 437 2210 Vinius,
460 2143 486 2200 si
511 2142 574 2215 ipse
596 2141 785 2214 imperasset:
806 2145 935 2200 nuncet

79 2241 234 2300 ‘subiectos
261 2259 316 2300 nos
341 2241 451 2310 hebuit,
473 2247 617 2315 tamquam
644 2257 711 2296 suos
733 2243 765 2296 et
788 2239 875 2305 viles,
901 2242 935 2298 ut

78 2339 206 2398 ‘menon
247 2340 319 2398 Vns
349 2339 400 2396 illn
423 2341 524 2398 domos
549 2339 656 2398 sufficit
678 2337 828 2404 donativo,
859 2336 935 2410 quod

77 2440 173 2498 ‘robis
183 2456 331 2514 nunquam
345 2440 438 2506 detur,
452 2445 480 2496 et
495 2437 623 2514 quotidie
636 2436 836 2510 exprobretur.
876 2436 935 2502 Ao,
945 2443 986 2504 3ss

77 2539 191 2612 ‘nsque
204 2539 310 2596 snltem
323 2536 355 2594 in
375 2553 542 2594 successore
564 2535 678 2592 Galbae
701 2551 767 2606 spes
787 2537 874 2600 esset,
892 2549 935 2590 sr-

76 2637 173 2694 ‘cessit
186 2638 224 2693 eb
237 2633 355 2702 exsilio,
369 2652 455 2710 quem
469 2633 586 2692 tristitia
600 2639 629 2690 et
642 2631 766 2689 uvnritin
788 2632 831 2688 sui
846 2631 935 2690 simil·

76 2732 183 2792 ‘limum
208 2734 365 2792 iudicnbel.
407 2732 543 2799 Vidistis,
567 2731 791 2798 commilitones,
814 2729 935 2788 riotebili

74 2835 80 2861 ‘
96 2836 264 2907 tempestate
279 2833 368 2890 etiem
383 2833 464 2888 Deos
485 2831 638 2888 infaustum
653 2829 839 2902 adoptionem
853 2847 935 2886 sver-

77 2934 191 2990 ‘santes
214 2933 297 2990 idem
309 2932 444 2995 Senatus,
454 2930 532 2988 idem
544 2927 648 3000 Populi
661 2929 744 2986 Rom.
757 2927 869 2984 unimus
880 2932 935 2986 est.

78 3029 195 3088 ‘Vestra
208 3030 299 3088 virtus
314 3035 509 3102 exspectetur,
522 3028 599 3100 apud
619 3043 688 3101 quos
703 3043 789 3083 omne
804 3025 936 3084 honestis

78 3130 217 3188 ‘consiliis
232 3131 327 3195 robur,
353 3134 383 3183 ct
405 3128 469 3184 sine
483 3126 594 3200 quibus,
607 3122 739 3198 quumvis
753 3124 881 3197 egregio,
892 3123 935 3182 iu·

78 3229 184 3285 ‘valide
195 3233 273 3286 sunl.
316 3227 383 3288 Non
399 3228 435 3283 nd
451 3227 558 3282 bellum
573 3241 635 3290 vos,
649 3241 704 3280 nec
718 3223 755 3280 nll
777 3221 936 3294 periculum

79 3330 178 3384 ‘rocos
200 3326 332 3384 omnium
346 3326 470 3384 militum
484 3340 563 3380 arma
578 3321 729 3378 nobiscnm
752 3323 828 3374 sunt.
869 3318 936 3372 Neo

106 3499 146 3548 Nn
159 3515 206 3550 uno
217 3500 291 3546 cohors
305 3498 385 3558 togula]
416 3495 494 3549 Qunre
507 3488 616 3551 Togata?
633 3483 749 3534 stretlsnc
763 3493 792 3526 es
806 3491 849 3523 vox
866 3475 940 3522 senc?
1005 3503 1009 3510 -
