2090 3838
90 196 164 248 ac.
181 199 220 246 rs.
320 195 391 243 ura.
419 195 456 242 rr.
506 193 585 242 css.
613 169 807 292 tta-863
889 169 963 240 240

89 351 246 426 dulgentia
263 349 396 408 fortunae
416 356 447 406 ct
467 347 565 422 pravis
579 347 731 422 magistris
750 345 855 404 didicit
868 363 965 404 ausus·

89 467 144 526 que
167 455 224 507 est.
266 449 394 523 Propriis
422 465 535 524 quoque
562 447 664 521 opibus
687 445 841 504 Mucianus
856 449 963 504 bellurn

64 548 178 628 fluvit,
211 550 308 622 largus
339 548 486 619 privatim,
514 547 589 621 quod
609 545 723 604 avidius
743 546 780 602 de
802 545 965 616 Republica

91 653 231 706 sumeret.
270 645 374 708 ‚cereri
397 641 638 704 conserendorum
659 644 846 718 pecuniarum
867 661 965 702 exem·

90 749 173 820 plum
192 746 307 803 secuti:
340 744 499 802 rarissimus
520 744 638 820 quisque
659 745 784 802 eandem
804 744 834 800 iu
856 745 964 816 recipe·

92 847 186 903 raudo
196 843 350 927 licentiam
361 845 532 902 babuerunt.
577 845 753 900 Accelerata
762 842 879 899 interim
891 842 964 898 Ves·
976 857 1015 914 pr,

89 944 207 1019 pasioni
222 950 336 1016 coepta,
356 943 471 1016 lllyrici
492 941 639 1000 exercitus
659 941 765 1008 studio,
793 940 965 1017 transgressi

91 1043 122 1100 in
146 1048 253 1115 partes.
295 1042 400 1099 Tertia
420 1041 497 1114 legio
516 1043 682 1113 exemplum
703 1039 810 1098 ceteris
832 1040 964 1098 Moesiae

91 1141 260 1214 legionibus
280 1142 419 1213 praebuit.¹
461 1139 576 1196 Octava
597 1146 658 1195 erat
678 1155 714 1196 ac
734 1140 857 1210 septima
878 1141 965 1198 Clau·

91 1241 191 1306 diana,
225 1240 346 1296 inbutae
378 1239 478 1296 broce
519 1238 655 1304 Othonis,
688 1240 821 1312 quumvis
854 1237 965 1314 proelio

91 1357 154 1397 uon
175 1338 385 1396 interfuissent.
428 1335 596 1412 Aquileiam
625 1355 799 1410 progressae,
820 1341 964 1410 proturba·

92 1439 141 1500 tis,
161 1437 270 1512 quide
291 1437 408 1494 Othone
439 1436 623 1502 nuntiabant,
653 1437 844 1510 laceratisque
872 1435 966 1494 uexil-

92 1537 141 1602 lis,
176 1554 284 1594 uomen
316 1533 426 1592 Vitellii
453 1535 690 1607 praeferentibus,
718 1541 801 1608 rapta
822 1542 965 1608 postremo

93 1635 222 1710 pecuma
236 1641 267 1691 et
290 1634 368 1692 iuter
387 1651 419 1692 se
444 1633 550 1700 divisa,
565 1634 709 1692 hostiliter
732 1639 861 1708 egerant.
904 1634 966 1692 Vu-

91 1735 129 1792 de
158 1742 263 1800 melus,
284 1739 316 1790 et
339 1751 378 1790 ex
413 1739 492 1790 metu
518 1733 693 1790 eonsilium:
724 1749 807 1809 posse
840 1730 968 1812 inputari

95 1831 283 1909 Vespasiorum,
315 1847 386 1907 quoe
401 1829 496 1907 upud
521 1829 666 1889 Vitelliano
691 1830 849 1890 excusanda
875 1838 965 1892 muru.

92 1933 139 2008 lta
153 1939 213 1988 tres
235 1929 385 1988 Moesicae
407 1931 537 2004 legiones
559 1947 610 2002 per
629 1930 766 2003 epistolas
786 1933 966 1992 adliciebant

92 2025 300 2089 Pannonicum
311 2029 484 2094 exereitum,
498 2033 548 2085 aut
571 2029 710 2086 abnuenti
733 2031 793 2088 vim
814 2035 964 2106 parabant.

93 2129 129 2190 ln
150 2146 189 2186 eo
210 2133 290 2186 mutu
323 2127 457 2202 Aponius
487 2125 670 2194 Saturninus,
702 2127 833 2188 Moesiae
861 2137 965 2198 rector,

92 2227 253 2304 pessimum
273 2225 386 2286 lacinus
399 2226 496 2292 audet,
516 2225 605 2282 misso
626 2227 806 2284 Centurione
826 2229 863 2286 ad
878 2229 966 2286 iater-

92 2327 253 2386 lioieuduur
268 2323 404 2384 Tertium
429 2323 584 2391 lulianum,
598 2325 740 2398 septimae
766 2326 889 2400 legionis
910 2328 966 2384 Lc-

95 2431 205 2501 galum,
219 2426 259 2482 ob
278 2424 450 2492 simultates,
463 2423 565 2498 quibus
589 2440 721 2496 caussam
742 2423 865 2497 partium
886 2442 965 2500 prae·

75 2512 245 2582 tendebat.
288 2521 430 2589 lulianus,
456 2527 606 2595 comperto
635 2519 813 2590 discrimine,
843 2529 874 2582 ei
896 2542 965 2600 gna·

94 2622 133 2680 ris
147 2625 279 2680 locorum
299 2620 427 2690 adscitis,
453 2637 504 2694 per
527 2619 597 2678 avia
619 2619 763 2691 Moesiae,
785 2625 861 2682 ultra
886 2642 965 2684 mon·

96 2724 156 2778 iem
178 2721 324 2792 Haemum
349 2719 482 2795 profugit.
502 2736 559 2778 uec
583 2721 691 2778 deinde
718 2721 804 2780 cirili
824 2725 903 2783 bello
922 2725 965 2784 in·

96 2817 204 2886 tertuli,
224 2817 383 2896 pervarias
398 2835 491 2878 moras
504 2823 671 2892 susceptum
698 2822 735 2878 sd
749 2821 966 2898 Vespasianum

95 2915 150 2976 iter
180 2917 308 2985 trabeas,
328 2922 360 2974 et
382 2935 420 2976 ex
442 2917 553 2974 nuntiis
576 2920 806 2990 cunctabundus,
825 2929 875 2981 aut
902 2942 966 2999 pro·

94 3029 211 3089 perans.
253 3015 297 3074 At
316 3014 348 3074 in
362 3015 517 3074 Pannonia
540 3016 682 3074 tredecim
705 3020 782 3094 legio
802 3037 839 3079 ao
852 3025 1017 3099 septembri

98 3113 256 3184 Galbiana,
296 3115 425 3173 dolorem
451 3113 579 3192 iramque
612 3115 817 3178 Bedriacensis
850 3139 966 3199 pugnas

129 3293 422 3368 Vesills'sqsumessl's'lells's'
434 3297 516 3360 praeli]
547 3295 576 3370 V.
594 3297 806 3370 Lips3ad111231.
838 3300 898 3347 Erit.
930 3301 966 3347 Ex

97 3353 120 3403 i.
130 3355 146 3402 l.
158 3359 230 3418 petet,
240 3369 285 3404 ram
300 3363 347 3403 tuus
362 3357 476 3404 Romanos
491 3357 593 3404 babuisse
608 3357 691 3402 vexilla
705 3357 803 3414 tantulis,
817 3359 877 3416 quod
886 3365 910 3407 et
920 3359 967 3406 Dic

98 3414 440 3472 lrmatXhlbmbirelorum
449 3413 531 3462 similia
540 3413 677 3462 essetradit
813 3423 816 3430 ⁴

137 3511 210 3553 von.
229 3513 267 3554 rr.
524 3495 563 3548 22
