2100 3816
108 209 233 261 acm
304 211 376 259 nra.
404 211 427 258 1.
476 207 555 258 oar.
582 189 751 259 (ΜΕ-66.
904 187 972 262 lti

107 366 241 440 regionis
259 382 432 442 quamquam
445 367 521 423 bane
547 367 584 423 de
613 367 740 440 partibas
760 366 887 435 meritus,
912 369 975 428 nut-

106 467 136 523 in
149 467 226 538 apud
246 466 402 540 Vitellium
429 467 537 523 honore
559 465 621 524 tuit.
642 467 763 524 seeretis
789 483 855 524 eum
877 467 973 528 orimi-

106 566 275 624 nationibus
290 566 484 624 infamaverat
508 567 617 624 Fabius
639 567 780 641 ignarum,
793 571 833 632 et,
853 585 909 640 quo
932 566 977 626 in·

106 665 220 722 nuntior
232 666 425 738 deciperetur,
445 667 540 738 oniam
569 667 724 723 laudatum.
766 665 906 722 Veterem
931 665 974 724 in·
988 677 1029 738 65

106 769 152 822 ter
178 765 389 839 Lugdunenses
413 757 656 840 Viennensesque
682 765 857 822 discordiam
881 765 976 838 proxi-
1034 799 1035 814 r

105 879 184 920 mum
197 867 306 921 betium
321 865 505 922 accenderat.
527 868 635 922 miritae
649 864 779 922 invicem
792 865 902 932 stades,
914 879 975 921 ore·

106 963 184 1020 brius
198 952 399 1038 intestinaque,
418 979 503 1038 quam
517 971 549 1021 ut
562 970 674 1021 tantum
689 971 804 1037 propter
827 964 977 1022 Neronem

107 1063 289 1136 Galbamque
316 1061 498 1136 p'ugnaretur.
539 1063 578 1121 Et
605 1064 702 1120 Gabba
728 1063 837 1124 reditus
864 1064 978 1136 Lugdu·

107 1163 251 1227 nennium,
270 1162 429 1219 occasione
449 1163 519 1228 irae,
533 1162 564 1220 in
585 1162 686 1220 tisoum
700 1169 842 1221 verterat:
870 1165 977 1222 muttus

107 1267 208 1320 eontra
224 1261 258 1317 in
272 1261 461 1318 Viennenses
489 1262 590 1318 bonor.
612 1262 689 1318 unde
702 1263 860 1320 aemulatio
882 1267 912 1320 et
936 1263 978 1320 in·

106 1360 185 1416 vidia
199 1366 230 1416 et
244 1375 303 1416 uno
323 1375 408 1418 amne
421 1359 557 1417 diseretis
580 1374 746 1419 manerium
771 1361 880 1419 odium.
922 1362 978 1436 lgi-

106 1464 152 1516 tur
166 1461 378 1534 Lugdunenses
393 1457 580 1517 eastimoiara
593 1459 722 1533 singutas
744 1459 877 1526 miiitum,
903 1464 933 1516 et
947 1459 978 1517 in

106 1560 294 1616 eversionem·
307 1559 520 1614 Viennensium
534 1559 684 1630 inpellere,
698 1559 861 1617 ‘oliseesarn
873 1557 976 1615 obiitin

105 1658 271 1716 ‘coloniam
295 1673 386 1724 snam,
409 1657 524 1714 adiutos
537 1657 677 1716 Vindicis
690 1661 822 1722 oonatns,
833 1655 978 1730 cornup-

106 1763 169 1814 ‘tas
186 1773 277 1830 nuper
292 1757 424 1829 legiones
436 1757 467 1812 in
482 1755 657 1829 praesidium
672 1752 796 1812 Galbae’
817 1755 975 1813 referendo.

103 1863 143 1922 et,
156 1856 208 1912 nbi
222 1868 339 1911 caussas
351 1856 481 1911 odiorum
497 1855 728 1926 praetenderant,
743 1853 977 1930 magnitudinem

103 1956 231 2030 praedae
244 1953 447 2010 ostendebant.
489 1954 555 2010 Neo
576 1953 634 2010 iarn
661 1957 775 2014 sooreta
801 1955 977 2012 exhortatio,

103 2056 156 2112 sed
187 2053 320 2125 publicae
346 2069 462 2124 praeest
498 2054 597 2114 ‘Irent
626 2054 741 2120 nitores,
768 2055 978 2112 easnindorent

105 2154 230 2210 ‘eedem
244 2151 354 2209 Gattioi
369 2152 449 2208 beiti.
463 2158 570 2208 anneta
585 2151 646 2208 ittio
660 2158 782 2208 externa
796 2157 825 2208 et
840 2152 977 2212 hostilia:

105 2259 162 2310 ‘se
177 2251 325 2308 antoniam
340 2251 511 2316 Romanurn,
521 2256 551 2306 et
567 2257 677 2323 partam
688 2249 844 2316 exereitus,
858 2256 888 2306 et
902 2267 978 2322 pros-

103 2359 258 2425 ·perarum
284 2351 528 2423 adversarumque
558 2366 652 2406 rerum
681 2348 784 2406 noeios.
812 2327 837 2404 ii
865 2347 978 2406 fortuna

103 2455 229 2507 ‘eontra
242 2450 334 2515 daret,
347 2449 429 2506 iratis
444 2465 480 2506 ne
499 2444 747 2523 relinquerentur!
787 2448 843 2504 His
866 2452 896 2504 et
916 2449 977 2520 piu·
988 2451 1028 2511 aa

104 2551 186 2608 ribus
214 2548 245 2604 in
272 2549 397 2604 eundem
426 2549 551 2614 modurn,
578 2549 772 2620 peroniernnt,
797 2551 829 2603 ut
856 2560 894 2604 ne
921 2547 978 2620 Le·

102 2647 168 2724 gari
192 2647 317 2722 quidem,
337 2663 373 2703 ao
389 2647 488 2704 Duoes
513 2647 637 2718 partium
661 2645 800 2720 restingui
815 2662 898 2718 nosse
923 2641 976 2704 irs·

103 2746 244 2804 cundiam
271 2745 417 2802 exereitus
445 2746 669 2802 arbitrarentur:
690 2761 757 2802 oum
784 2746 861 2802 haud
881 2743 976 2820 ignari

101 2845 282 2903 discriminis
316 2845 360 2902 sui
381 2845 585 2911 Viennenses,
619 2846 785 2902 veiamento
806 2850 837 2902 et
869 2844 976 2902 intutas

104 2946 311 3020 praeferentes,
339 2944 389 3001 ubi
422 2959 526 3018 agmen
557 2943 724 3012 incesserat,
754 2957 843 3010 arma,
871 2959 976 3018 genua,

105 3044 234 3118 vestigia
262 3043 433 3117 prensando,
461 3042 568 3099 flexere
596 3041 720 3099 miiitum
738 3042 860 3108 animos,
885 3041 976 3101 Addi-

88 3161 91 3168 ·
105 3147 151 3203 dit
164 3144 278 3200 Veiens
292 3147 426 3199 trecenos
449 3140 569 3216 singuiis
583 3139 722 3198 miiitibus
745 3140 899 3198 sestertios.
915 3147 976 3198 turn

106 3247 238 3300 vetustas
252 3241 436 3316 dignitasque
448 3239 583 3298 antoniae
597 3239 699 3308 valuit,
720 3244 751 3298 et
774 3241 863 3296 verba
877 3238 976 3307 Fabii,

104 3344 230 3426 salntem
245 3339 530 3414 incolumitatemque
545 3337 761 3396 Viennensium
769 3337 974 3395 commendan-

106 3441 155 3512 tis,
182 3439 284 3519 eequis
311 3438 427 3500 auribus
458 3440 589 3509 aooeota.
611 3435 728 3511 publiea
756 3439 855 3494 tumen
888 3429 976 3490 arna
