2100 3816
12 191 13 200 κ
121 164 187 230 132
433 145 685 224 auronum
713 211 717 218 .
837 175 867 222 a.
882 173 915 222 v.
932 175 989 224 aar

113 351 206 394 novas
220 349 274 396 res.
287 331 398 390 scetere
412 327 529 400 insuper
542 326 716 400 Nymphidii
728 325 832 386 Sabini
845 327 986 384 Praefec-

114 433 147 501 ti,
162 432 318 505 Imperium
337 429 394 488 sibi
418 426 574 492 molientis,
599 425 732 499 agitatur.
773 426 812 483 Et
834 425 985 499 Nymphi-

114 531 179 590 dius
192 529 308 606 quidem
322 528 430 600 inipso
442 531 550 584 conatu
568 541 737 596 oppressuri
757 521 821 591 sed,
844 525 985 598 quamvis

115 631 213 704 capite
225 626 398 686 deiectionis
417 627 524 687 ablato.
546 625 684 680 manebat
698 623 841 697 plerisque
855 623 985 681 miiitum

115 727 314 794 conscientiar
336 741 390 784 nec
404 725 524 780 deerant
539 739 696 787 sermones,
704 719 813 778 mcum
822 729 905 796 mqrrr
915 737 985 778 uro-

116 826 214 888 rutum
232 823 339 882 Gnidoe
352 822 573 894 increpantium.
614 822 747 878 Laudata
766 821 838 877 otim
859 825 892 876 et
905 820 984 878 miti·

117 927 173 985 tari
184 926 263 984 sumu
275 925 422 981 celebrata
435 919 577 981 severitas
588 919 652 976 eius
666 920 791 993 angebat
805 919 985 991 adspernan-

116 1031 160 1083 tes
182 1029 309 1084 veterem
337 1019 530 1090 discplinam,
554 1025 639 1091 atque
672 1017 714 1074 ita
738 1017 825 1074 xlv,
856 1017 944 1074 annis
963 1033 984 1072 a

117 1122 236 1180 Nerone
250 1120 439 1185 adsuefactos,
454 1125 485 1174 ut
507 1117 583 1174 haud
602 1116 699 1174 minus
721 1115 793 1174 vitia
808 1115 983 1188 Principum

116 1225 257 1285 amarent,
277 1235 365 1291 quam
377 1217 447 1274 otim
477 1214 596 1272 virtutes
617 1210 799 1272 uerebantur.
841 1214 985 1272 Accessit

118 1318 232 1376 Galbae
263 1332 331 1379 voa,
359 1333 409 1388 pro
430 1313 593 1386 Republica
616 1314 748 1378 honesta,
775 1312 831 1384 ipsi
860 1329 984 1385 anceps,

83 1414 174 1491 elegi
193 1431 213 1472 u
230 1431 260 1472 se
279 1412 404 1477 mititem.
418 1430 472 1470 nou
493 1409 555 1468 arri.
596 1411 663 1468 Nec
685 1412 765 1468 enim
778 1414 816 1468 ad
836 1413 914 1468 hanc
927 1411 985 1468 ior·

118 1533 195 1574 mam
208 1519 306 1572 cetera
319 1518 411 1570 erant.
454 1510 620 1568 Invalidum
633 1525 733 1566 senem
758 1509 798 1566 Τ.
819 1509 930 1566 Vinius
950 1515 983 1566 et

119 1614 272 1672 Cornelius
291 1614 381 1678 Laco,
408 1613 482 1668 aner
509 1608 678 1666 «deterrimus
705 1606 878 1672 mortalium,
906 1610 983 1664 citer
1039 1667 1040 1688 ,

118 1711 333 1786 ignavissimus,
360 1707 429 1766 odiu
450 1707 622 1780 flagitiorum
643 1711 804 1771 oneratum,
834 1713 987 1779 contemp·
1039 1705 1040 1720 ¹

118 1813 149 1864 tu
178 1807 299 1864 inertiae
326 1807 520 1864 destruebant.
564 1805 693 1863 Tardum
727 1803 842 1860 Galbae
869 1803 926 1860 iter
953 1810 985 1862 et

118 1909 277 1970 cruentum,
311 1904 472 1962 interiectis
499 1902 647 1976 Cingonio
673 1902 816 1965 Varrone.
850 1902 984 1960 Consule

119 2001 280 2075 designato,
300 2008 330 2058 et
351 2001 489 2058 Petronio
510 2001 698 2071 Turpiliano,
713 2000 886 2058 consulari:
921 2000 986 2068 iile,

119 2105 152 2158 ut
167 2099 338 2175 Nymphidii
359 2101 464 2163 socius.
488 2099 546 2167 hic,
567 2101 675 2156 utdux
700 2098 845 2168 Neronis,¹
858 2094 987 2156 inauditi

116 2204 206 2275 atque
238 2197 391 2264 indefensi,
425 2205 570 2270 tamquam
609 2195 792 2263 innocentes,
825 2196 985 2269 perierant.

121 2298 259 2358 Introitus
281 2297 313 2354 in
337 2297 444 2360 urnem,
459 2294 608 2352 trucidatis
632 2300 674 2352 tot
688 2295 814 2350 millibus
828 2295 986 2353 inermium
1038 2353 1039 2362 ,

121 2398 255 2463 miiitum,
269 2395 409 2454 infaustus
422 2395 529 2461 omine,
543 2401 628 2466 atque
642 2393 711 2464 ipsis
731 2393 830 2458 etiam,
843 2393 893 2467 qui
906 2395 988 2451 occi·
1038 2427 1039 2442 r

121 2497 234 2560 derunt,
268 2493 474 2552 formidolosus.
536 2492 659 2548 Inducta
693 2489 808 2564 legione
842 2490 988 2563 Hispana,

122 2597 291 2650 remanente
317 2607 362 2658 aa,
386 2607 469 2665 quam
493 2607 510 2646 e
532 2592 625 2646 alasse
656 2590 736 2646 Nero
762 2589 988 2662 conscripserat,

123 2692 209 2764 plena
223 2691 287 2746 urbs
302 2689 431 2746 exercitu
454 2688 589 2745 inaulita:
611 2687 694 2746 multi
708 2689 744 2744 ad
765 2687 820 2745 hoc
835 2689 951 2746 numeri
972 2707 990 2745 e

123 2786 282 2846 Germania
301 2804 336 2842 ac
358 2786 510 2844 Britannia
530 2793 559 2842 et
575 2787 703 2860 tityrioo,
716 2803 786 2860 quos
801 2785 879 2844 idem
894 2787 989 2855 Nero,

122 2885 232 2940 eiectos
247 2885 471 2960 praemissosque
486 2886 523 2942 ad
536 2887 661 2942 otaustra
682 2885 862 2957 Caspiarum,
875 2891 906 2941 et
927 2887 990 2943 bct·

122 2984 191 3044 ium,
205 2983 279 3056 quod
293 2983 325 3039 in
342 2985 472 3040 Albanos
484 2985 611 3055 parabat,
631 2982 825 3056 opprimendis
845 2982 989 3041 Vindicis

122 3080 233 3152 coeptis
258 3089 465 3138 revocaverat:
485 3081 589 3155 ingens
604 3083 688 3139 novis
712 3083 796 3137 rebus
809 3082 943 3148 materia,
957 3088 991 3140 ut
1037 3129 1038 3144 2

125 3196 181 3235 uon
196 3179 325 3236 inunum
339 3178 463 3254 aliquem
479 3197 568 3252 prono
578 3181 687 3246 favore,
697 3180 737 3236 ita
747 3179 867 3236 audenti
875 3186 990 3252 parata.
1037 3183 1038 3214 ³

92 3275 111 3336 7
125 3279 213 3335 Forte
222 3281 400 3349 congruerat,
411 3281 442 3331 ut
454 3279 551 3334 clodii
559 3279 653 3335 Macri
661 3285 691 3335 et
703 3277 822 3334 Fonteii
833 3277 991 3351 Capitonis

123 3377 229 3432 carries
243 3376 449 3431 nuntiarentur.
493 3375 634 3440 Macrum,
648 3377 678 3434 in
697 3376 797 3434 Africa
808 3376 885 3432 haud
899 3378 991 3436 dubie

123 3474 295 3538 turbantem,
310 3469 475 3528 Trebonius
497 3471 687 3542 Garucianus,
709 3475 891 3543 Procurator,
911 3475 993 3534 iussu
