2158 3820
126 265 251 314 noma.
346 267 418 315 nra.
451 267 525 316 xm.
577 245 840 372 canities-21.
955 239 1004 312 17

124 421 258 492 ‘tempos
272 409 385 478 s'trncta
413 423 500 480 ludos
512 420 562 478 edi
589 419 706 478 solitos:
728 423 787 486 vel,
800 419 826 478 si
840 419 1000 478 vetustiora

128 522 273 590 ‘repetam
287 527 419 578 stantem
447 518 586 592 populum
598 519 788 592 spectavisse,
804 537 850 584 ne,
864 519 889 576 si
904 517 999 576 consi-

128 617 236 685 ‘deren
250 619 370 676 theatro
380 619 445 675 dies
459 625 537 676 totos
548 618 668 694 ignaria
681 617 873 674 continuaret.
910 619 1000 688 Spec-

129 718 312 773 ‘taculornnr
340 717 459 792 quidem
485 716 642 790 antiquitas
669 721 842 782 servaretur,
865 715 1007 789 quotiens·

130 813 303 872 ‘Praetores
328 816 462 879 ederent,
490 817 569 872 nulla
591 814 729 888 cuiquem
750 812 998 872 civiumnecessi·

126 915 205 969 ‘tate
213 913 356 970 certandi.
374 913 512 972 Ceterum
525 915 648 972 abolitos
658 911 925 986 paullatimpatrios
940 929 997 972 mo·

130 1016 206 1078 ‘res‚
218 1010 348 1068 tunditur
362 1011 458 1080 eyerti
472 1030 523 1084 par
536 1012 660 1070 accitam
676 1010 838 1077 lasciviam,
853 1017 893 1080 ut,
921 1012 996 1087 quod

129 1115 269 1184 ‘nsquam
281 1113 427 1180 corrumpi
442 1118 472 1168 et
482 1128 664 1185 corrumpere
677 1115 772 1186 ornat,
787 1111 818 1168 in
833 1112 902 1168 urbe
918 1111 994 1168 viss·

66 1201 73 1214 ’
127 1215 203 1279 ‘tun
222 1211 439 1284 degeneretque
459 1210 563 1267 stodiis
572 1211 702 1268 externis
714 1209 861 1276 iuventus,
875 1226 997 1283 umus·

128 1308 192 1364 ‘sie
224 1311 256 1364 et
280 1307 342 1364 otia
363 1315 394 1364 et
409 1313 506 1378 turpes
524 1325 635 1366 amores
662 1311 838 1376 exercendo,
858 1308 996 1380 Principe

127 1404 321 1463 ‘orsmaro
354 1407 532 1474 auctoribum
562 1407 611 1481 qui
643 1425 701 1464 non
727 1407 813 1466 modo
842 1407 995 1466 licentiam

127 1501 234 1561 ‘vitiis
266 1504 460 1576 permiserint,
487 1505 629 1588 sedyins
651 1504 825 1564 adhibeant:
856 1505 995 1564 Procerea

128 1603 294 1666 ‘Romani,
318 1603 416 1674 specie
452 1603 616 1662 orationem
647 1609 678 1660 et
703 1603 873 1669 carminum,
906 1619 998 1662 scena

129 1704 332 1782 ‘polluenturr
345 1702 412 1775 quid
434 1719 594 1772 superesse,
617 1702 672 1760 nisi
687 1707 717 1762 ut
740 1717 861 1774 corpora
884 1719 996 1777 quoque

129 1803 262 1858 ‘madent
277 1805 307 1858 et
320 1806 435 1858 caestus
449 1803 612 1869 adamam,
630 1821 735 1878 easque
749 1819 859 1876 pugnes
874 1819 927 1876 pro
945 1801 997 1862 rni-

129 1899 220 1956 ‘litia
233 1905 264 1956 et
290 1899 376 1958 ermis
399 1898 598 1960 meditentur?
641 1903 690 1960 An
711 1901 855 1960 iustitium
876 1899 997 1976 augurii,

128 2003 178 2056 ‘et
204 1999 342 2056 decurias
370 1999 512 2074 Equitum.
535 2000 683 2074 egregium
716 1999 868 2058 indicandi
893 2015 999 2058 munus

130 2101 332 2171 ‘expleturum
352 2098 377 2155 si
391 2099 500 2158 tractos
520 2117 608 2156 sonos
621 2105 651 2156 et
675 2100 868 2162 dulcedinem.
890 2115 997 2157 vocum

129 2197 246 2271 ‘perite
259 2198 408 2256 audissent
422 2195 434 2256 i
455 2199 567 2257 Noctes
581 2215 692 2274 quoque
706 2199 844 2258 dedecori
856 2200 1001 2267 autentas,

128 2301 188 2354 ‘ne
219 2296 295 2369 quod
318 2302 429 2368 tempus
467 2297 566 2369 pudori
593 2297 780 2372 relinquatur,
818 2299 880 2364 sed,
906 2303 998 2356 coetu

130 2394 327 2468 ‘promiscum
354 2395 435 2469 quod
451 2395 659 2468 perditissimus
686 2397 806 2472 quisque
838 2413 889 2469 per
918 2395 998 2454 diem

131 2489 362 2566 ‘concupisci-it,
387 2511 438 2567 per
461 2497 594 2552 tenebras
621 2493 747 2552 audeat?
787 2495 920 2552 Pluribus
934 2492 1049 2568 ipsunt

130 2591 254 2650 licentis
269 2593 413 2664 placebat,
431 2609 466 2650 ac
481 2593 715 2656 tamenlroneata
729 2593 848 2652 nomina
867 2599 997 2668 praeten-

131 2691 257 2748 debant:
279 2689 425 2749 ‘blaiorea
448 2708 560 2766 qnoque
589 2709 647 2750 noo
678 2693 858 2752 abhorruisse
885 2699 997 2766 specta·

131 2791 139 2822 ⁴
151 2791 283 2846 culorum
296 2789 528 2856 oblectamentis,
543 2808 595 2863 pro
621 2791 745 2860 fortuna,
758 2811 830 2867 qnae
844 2800 904 2852 tum
919 2797 1002 2860 eruta:

12 2967 13 2970 Ἴ
131 2893 277 2961 ‘coques
292 2887 403 2946 Tuscis
426 2888 540 2946 accitos
553 2888 716 2962 histriones,
731 2908 751 2948 o
763 2893 886 2950 'Pburiis
912 2907 1001 2965 equo·

12 2991 13 3000 ’
131 2993 212 3043 ‘rum
226 2986 404 3044 certamina:
424 2991 464 3054 et,
480 3003 611 3060 possessa
628 2990 745 3049 dobaie
761 2989 901 3064 Asiaque,
914 2990 1002 3048 ludos

130 3086 280 3142 ‘curatius
300 3085 415 3142 editos:
437 3103 492 3146 nec
523 3105 697 3162 quemquam
720 3089 840 3174 Romae,
873 3089 1004 3150 honesto

131 3186 216 3240 ‘loco
229 3189 333 3247 ortum,
349 3185 386 3243 ad
407 3185 564 3242 theatrales
588 3191 666 3242 artes
694 3187 928 3266 degeneravisse,
947 3187 1001 3242 alu·v

12 3277 13 3288 ³
132 3281 250 3338 ‘centis
264 3282 322 3338 iam
337 3281 454 3340 annisa
480 3285 516 3342 L.
539 3283 676 3342 Mummii
697 3285 850 3358 triumpho,
875 3287 927 3358 qui
943 3283 999 3356 pri·

132 3385 218 3436 ‘mus
241 3380 271 3436 id
285 3397 377 3452 genus
404 3381 566 3453 spectaculi
580 3381 612 3438 in
634 3384 703 3438 urbe
727 3365 897 3452 praebuerit.
940 3379 1006 3432 Sed

136 3482 189 3534 ‘et
209 3479 378 3534 consultum
408 3478 616 3551 parcimoniae,
646 3479 728 3549 qnod.
752 3479 897 3546 perpetue¹
917 3472 1008 3524 sedes

177 3593 251 3632 von.
273 3593 308 3633 ιι.
590 3568 639 3626 2⁸
