2090 3838
107 189 182 260 262
421 211 673 260 ntsromanvu

107 363 150 415 35.
172 361 294 416 Vitellius
312 363 376 415 lucu
395 367 488 429 torpet.
523 365 566 416 ³7.
591 360 626 414 ln
642 363 736 416 artem
755 370 870 416 reuectus
888 361 983 416 Caeci·

141 466 205 504 nam
224 452 392 508 condennats
418 451 443 504 ei
464 449 576 504 Rosium
597 450 732 516 Regulum
752 453 784 504 in
804 468 889 504 unum
909 453 983 506 diem

142 539 280 594 Gonmlem
299 539 402 608 sufficit.
437 543 479 600 ³8.
504 543 547 592 ³9.
575 537 670 592 lunius
693 540 803 593 Blaesus
821 539 925 609 fraude
945 540 981 592 L.

147 629 177 684 V
174 631 251 682 itellii
262 645 358 682 ueneno
369 630 481 682 tollitur.
517 632 559 682 40.
573 633 616 680 41.
637 628 736 682 Patrius
758 629 789 682 V
785 631 858 682 alens
870 631 983 682 libidine

142 725 167 771 et
177 718 338 772 cunctatione
350 717 379 772 V
377 718 556 770 itellianorum
567 733 609 770 res
617 718 727 778 mitescit,
737 725 771 779 et,
784 721 827 770 42.
841 718 983 772 Flauianis

143 807 251 861 ltaliam
262 807 452 875 occupantibus,
472 811 514 859 43.
527 807 561 858 ad
577 805 730 860 Stoechadas
741 807 850 868 delatras,
864 810 981 874 capitur.

141 901 185 950 44.
204 896 359 963 Hispaniae,
373 895 484 956 Galliae.
500 895 654 956 Britannia,
668 903 760 948 cunata
771 897 807 947 ad
820 895 980 962 Vespasiani

142 1001 202 1053 opes
213 1001 343 1038 cmsoersa.
378 987 420 1038 45.
443 982 547 1036 Turiat
557 991 646 1036 tamen
656 983 829 1036 Britanniam
841 985 978 1038 Venutius.

142 1075 181 1126 ibi
192 1075 267 1126 55555
284 1080 351 1126 sorte
367 1079 523 1141 pugnatam.
560 1075 602 1124 45.
625 1071 747 1125 Turlmm
757 1089 858 1140 quoque
871 1074 979 1126 Germa·

141 1165 196 1216 nia.
233 1162 309 1214 Mota
328 1170 352 1214 et
376 1161 516 1215 Dacorum
537 1178 610 1227 gens,
635 1178 652 1214 5
671 1161 801 1217 Muciano
820 1180 853 1215 ea·
871 1163 977 1215 Orierste

141 1252 239 1310 reduce,
258 1266 384 1317 repressa.
422 1255 464 1304 tr.
478 1256 521 1305 45.
539 1250 667 1304 Anicetus
686 1249 843 1305 Polemonis
861 1253 975 1311 libertus,

141 1339 261 1394 Pontum
281 1339 413 1409 infestans,
436 1342 549 1408 capitur.
584 1341 765 1407 vVespasianus
785 1341 976 1394 Alexandriam

138 1431 236 1498 pergit,
266 1436 296 1481 ut
324 1429 415 1482 urbem
434 1428 513 1496 sance
542 1437 643 1494 urgeat.
680 1433 723 1482 49.
749 1428 893 1492 Antonius,
920 1435 976 1496 past

142 1515 301 1574 Crenconam
324 1519 467 1586 mperbior,
499 1521 541 1570 50.
564 1525 668 1584 partem
692 1520 831 1586 copiarum
859 1519 975 1571 Veronae

41 1625 45 1634 ’
143 1609 278 1675 relinquit,
292 1615 395 1676 partem
408 1608 437 1659 in
453 1607 480 1660 V
481 1607 608 1660 ludiones
621 1607 730 1674 eapedit.
767 1611 810 1659 51.
828 1607 975 1674 Nefarium

133 1695 246 1763 facinus
270 1697 372 1756 militis.
403 1698 434 1747 55
458 1697 571 1748 ocenum
594 1712 611 1748 a
633 1713 659 1748 se
678 1695 800 1762 fratrom
826 1697 975 1762 praemium

140 1787 259 1852 petentis.
295 1789 337 1838 52.
357 1785 562 1837 Festinationern
575 1767 689 1837 Antonii
701 1786 771 1851 apud
785 1785 977 1852 Vespasianum
1030 1807 1031 1866 ξ

142 1875 303 1925 criminatur
315 1873 464 1927 Mucianus.
501 1877 543 1927 53.
569 1873 593 1925 ls
607 1875 746 1926 iactantius
757 1889 837 1940 guam
850 1874 978 1927 adPrin·
1030 1871 1031 1882 ¹

142 1962 227 2028 cipem
250 1963 349 2014 litteras
373 1964 513 2030 componit,
544 1961 701 2016 Mucianum
728 1963 879 2016 insectatus.
916 1962 976 2015 lnde

140 2066 233 2116 graues
246 2049 354 2103 Ducum
365 2051 519 2103 simultates.

109 2143 151 2194 54.
184 2139 307 2193 Vitellius
330 2142 408 2193 stulta
430 2141 634 2194 dissimulatione
657 2141 736 2193 cladis
762 2139 797 2192 ad
818 2139 979 2194 Cremonam

142 2231 258 2284 remedia
286 2231 417 2282 rnalnrum
446 2229 544 2296 differt.
581 2230 714 2282 Notabilis
740 2232 888 2282 constantia
912 2230 979 2284 lulii

142 2319 272 2386 Agrestis.
303 2322 344 2370 55.
362 2317 390 2371 V
389 2319 493 2379 iteilius.
509 2327 538 2371 ut
550 2337 563 2372 e
575 2335 665 2372 somno
677 2319 783 2379 cacitas,
802 2318 979 2398 Apenninum
1029 2349 1030 2358 1

143 2410 255 2463 obsideri
272 2408 357 2465 iubet:
383 2410 492 2461 honores
509 2409 642 2473 largitum
667 2409 697 2460 in
714 2415 801 2459 castra
817 2409 898 2460 uenit.
935 2411 978 2464 55.
1029 2413 1030 2464 t

144 2499 283 2564 Prodigia.
320 2497 501 2563 Praecipuum
512 2498 566 2564 ipse
581 2497 704 2550 Vitellius
716 2503 853 2560 ostentum,
866 2497 978 2563 ignams
1029 2465 1030 2549 i

143 2587 264 2648 militiae,
280 2587 431 2652 inprovidus
448 2587 560 2646 consilii.
581 2585 696 2638 Romam
713 2587 827 2645 reuertit.
843 2587 979 2651 perculsus

144 2675 281 2744 dpsectione
301 2673 458 2727 Misenensis
478 2675 574 2727 classis.
609 2677 650 2726 57.
673 2673 816 2726 Puteolani
838 2673 979 2740 Vespasia·

144 2780 195 2821 not
216 2763 307 2830 Capua
327 2763 435 2816 Vitellio
448 2763 534 2830 suaet.
571 2763 612 2816 ct.
625 2761 747 2815 Iulianus
765 2763 795 2816 in
810 2770 899 2828 partes
915 2762 978 2814 Ves-

140 2853 361 2920 pasianitransit.
380 2854 426 2918 gui
447 2851 626 2906 Tarracinam
637 2858 751 2918 occupat.
788 2855 831 2903 58.
853 2851 977 2904 Vitellius

134 2939 255 3009 fratrem
275 2940 390 2993 Lucium
409 2943 474 2994 bello
494 2924 546 3008 per
569 2941 743 3008 Campaniam
763 2942 881 3007 opponit.
918 2935 976 3008 Ipse
1028 2997 1029 3010 1

144 3029 245 3084 Romae
258 3047 288 3082 ea
297 3030 369 3097 plebe
382 3038 405 3082 et
423 3032 537 3083 seruitiis
549 3032 691 3083 coercitum
703 3031 830 3090 conrodit,
844 3031 891 3096 qui
903 3031 975 3083 breui
1028 3079 1029 3102 χ

143 3121 277 3173 dilabitur.
313 3121 355 3170 59.
380 3119 506 3171 Flauiani
517 3119 689 3187 Apenninum
708 3125 862 3176 transeunts
880 3120 914 3172 ad
934 3137 976 3173 eos

144 3207 265 3268 Cerialis,
286 3207 389 3259 Vitellii
405 3209 531 3260 custodias
549 3211 658 3275 elapsus.
678 3210 747 3262 uenit
764 3216 787 3261 et
805 3211 876 3262 inter
887 3208 975 3262 Duces

143 3296 298 3350 adsumitur.
335 3299 376 3348 60.
393 3295 503 3360 Pugnae
515 3299 603 3349 auidos
612 3299 708 3351 milites
720 3315 796 3364 aegre
809 3300 908 3352 colibet
918 3299 975 3352 An·

142 3387 238 3439 tonius.
275 3389 316 3438 61.
336 3384 395 3436 lam
412 3385 586 3449 crebrescunt
603 3388 637 3438 ad
656 3387 848 3455 Vespasianum
860 3389 975 3458 transsu-

141 3475 197 3537 gia.
236 3471 342 3525 Priscus
354 3479 378 3524 et
395 3471 532 3538 Alpi-enus
544 3479 629 3528 castra
640 3477 770 3539 deserunt.
782 3479 817 3530 ad
836 3477 975 3532 Vitellium
