2114 3830
91 113 164 184 356
380 131 632 181 msronrunvrr
809 131 888 178 nv.
904 131 955 179 mr.

90 287 325 363 exoretuoosqus
348 303 384 344 su
413 286 550 360 Regino,
581 285 700 342 ‘taottes
726 281 885 357 gratesqne’
905 283 953 340 de·

90 395 206 448 aretae:
228 395 256 443 et
269 387 375 444 Tertio
390 387 504 442 tntisno
519 386 666 449 Praetura,
685 389 852 456 ‘tamqnam
866 387 954 437 traus-

91 486 291 561 ‘gredientem
317 485 348 541 in
374 492 470 557 partes
496 481 670 556 Vespasiani
695 482 841 553 legionem
875 482 956 537 dese·

90 583 229 650 ‘ruisset'
259 585 366 647 sbtsts‚
399 589 429 638 nt
466 583 498 640 ia
534 580 659 637 Ptotium
687 579 830 652 (triphnm
867 584 956 635 trans·

90 681 218 742 terretur.
259 661 503 754 ttormorttgnitss
524 679 674 753 Equestris
694 681 774 735 data.
814 678 853 734 Et
876 693 954 744 mox,

90 781 221 838 eiurante
246 781 398 844 Frontino,
431 779 542 837 caesar
570 779 757 835 Domitianus
787 777 953 834 Praeturam

91 879 179 952 cepit.
220 877 291 936 Eius
306 893 410 935 nomen
433 877 563 948 epistotis
578 875 739 950 edictisque
763 877 953 948 praeponeba-

91 980 146 1044 tnr,
166 977 212 1033 vis
226 993 315 1049 penes
331 975 500 1033 Mucianum
523 983 607 1032 erat:
629 976 686 1031 nisi
712 977 789 1049 quod
817 977 951 1048 uteroque

92 1075 294 1136 Domitianus,
315 1073 519 1146 instigantibus
544 1072 656 1137 amieis,
676 1079 725 1129 sut
753 1073 867 1145 propria
895 1072 954 1129 tibi·

90 1173 167 1239 stine,
187 1173 321 1227 audebat.
346 1172 423 1230 ‚Seri
451 1172 620 1243 onesipuus
650 1170 791 1228 Muciano
819 1180 911 1229 metus
934 1187 951 1226 e

90 1269 189 1327 Primo
205 1270 337 1326 Antonio
350 1269 488 1341 Varoque
512 1270 617 1326 Arrio:
637 1285 708 1341 qnos
732 1276 875 1333 recentes,
894 1271 952 1325 eta·

91 1383 192 1441 rosque
205 1383 298 1424 rerum
311 1365 387 1422 tama
401 1383 436 1423 se
462 1367 584 1424 mititum
599 1367 711 1430 studiis,
731 1367 821 1422 etiam
837 1369 952 1438 popntss

90 1466 219 1530 tovebat‚
239 1465 304 1539 quis
329 1463 361 1521 in
386 1466 533 1521 neminem
557 1467 631 1520 uttra
658 1464 753 1520 aciem
780 1463 954 1522 saevierant.

91 1563 132 1622 lu
175 1565 320 1621 terebatur
356 1563 501 1620 Antonius
544 1562 768 1620 Scribonianum
808 1563 952 1630 Crassum,

51 1731 61 1742 ,
90 1662 217 1735 egregiis
248 1661 401 1718 maioribus
427 1668 458 1716 et
484 1661 611 1718 traterns
635 1661 762 1734 imagine
788 1661 954 1736 tutgentern.

93 1761 129 1816 ad
157 1761 366 1830 espemnrtsm
390 1759 612 1830 Rempubtiaant
635 1760 783 1816 hortatus:
806 1761 881 1816 baud
908 1761 954 1818 de·

92 1856 186 1912 tntura
198 1857 380 1914 eonseiorurn
401 1874 497 1922 manu,
517 1857 547 1914 ni
568 1855 779 1914 Scribonianus
799 1859 955 1927 abnuisset,

92 1954 251 2025 naparatis
265 1955 382 2027 quidem
409 1955 560 2027 eonrnrnpi
590 1954 695 2021 tacitis,
723 1957 799 2012 adeo
823 1963 953 2014 metuens

92 2051 215 2109 ineerta.
270 2053 363 2124 igitur
384 2052 546 2119 Munianus,
566 2054 633 2126 quia
661 2056 809 2126 propalam
833 2054 955 2128 opprimi

95 2150 244 2210 Antonius
267 2150 416 2224 nequibat,
432 2151 533 2208 muttis
556 2151 587 2207 in
608 2151 721 2208 Senatu
750 2155 883 2211 laudibus
908 2171 956 2212 an·

94 2252 241 2311 mutatum,
261 2249 381 2305 seeretis
403 2249 536 2321 promisis
559 2256 670 2318 onerat,
694 2250 874 2308 ‘citeriorem
889 2253 955 2310 His·

90 2345 406 2421 ‘panium’ostsntann
427 2347 572 2404 ‘discessu
596 2347 699 2405 thvii
713 2348 779 2406 Ruti
805 2345 957 2422 saeuam?

93 2445 179 2504 simut
206 2445 309 2502 aminis
322 2444 384 2501 eins
405 2444 584 2502 'l'ribunatus
603 2447 857 2524 Praeteetnmsque
871 2449 955 2524 targi-

93 2549 147 2602 tur.
188 2545 278 2612 Dein,
298 2550 447 2618 postquam
469 2545 586 2601 inanem
600 2545 728 2604 animum
740 2563 793 2619 ape
817 2553 849 2604 et
876 2547 956 2621 eupi-

91 2642 163 2698 rtine
186 2643 360 2716 inpteverat,
380 2642 457 2698 vires
490 2645 603 2699 abolet:
624 2643 743 2700 dimissa
768 2644 799 2700 in
833 2646 955 2704 hiberna

92 2739 210 2810 legions
237 2740 370 2812 septima,
388 2740 471 2797 euius
490 2739 724 2813 flagrantissimus
737 2741 768 2799 iu
791 2743 953 2802 Antonium

93 2851 181 2892 arnor.
223 2837 262 2892 Et
276 2839 361 2894 tertia
376 2839 462 2912 tegio,
482 2838 630 2895 tamitiaris
647 2839 732 2898 Arrio
757 2841 840 2898 Varo
860 2841 954 2912 mites,

93 2930 123 2988 in
139 2931 256 3002 Syriam
283 2937 411 2992 remissa.
453 2937 523 2993 Pars
550 2939 697 2995 exereitus
721 2937 752 2996 iu
780 2939 955 2998 Germanias

92 3029 259 3084 ducebatur.
320 3031 372 3088 Sin
398 3040 507 3108 egesto,
534 3035 670 3110 quidquid
693 3037 845 3107 turbidum,
878 3039 956 3098 redit

120 3197 229 3256 Regibus]
260 3197 364 3254 Sohaemo,
377 3203 497 3261 Antiocho,
509 3207 631 3268 Agrippae.

91 3272 419 3382 aar
885 3293 958 3355 “a
