2100 3834
13 159 14 166 ’
97 142 171 214 332
385 159 638 234 ursuouunru
814 165 843 214 s.
858 137 968 218 vfm

66 320 227 389 d‘oitster
241 315 455 394 Vespasianum
469 318 636 376 melioribus
650 315 844 392 relinqueret?
866 358 868 364 s
884 317 972 376 Mar-

98 421 200 484 oetius,
221 425 297 477 ‘neu
324 433 405 474 suam
424 417 600 475 senteutiam
624 417 786 492 inpugnari,
805 417 856 474 sed
881 417 966 476 Con·

96 521 212 576 ‘sutem
232 517 414 592 damnatum
435 515 602 584 censuisse?
635 515 761 584 dieebst,
783 517 969 574 ‘secundum

97 623 218 675 ‘vetera
238 618 384 691 exempto,
413 631 488 690 quse
527 620 634 672 sortem
672 613 864 688 legationibus
900 631 967 687 pos·

92 716 229 784 ‘dissent
263 733 300 772 ne
334 713 486 772 ambitioni
525 719 575 770 aut
606 711 770 772 inimicitiis
803 715 885 770 iocus
922 713 966 770 io·

95 819 171 872 ‘ret
216 813 297 870 Nihil
328 814 477 883 evenisse,
489 829 541 871 our
560 812 718 888 antiquitus
745 810 876 868 institute
890 827 964 869 exo·

96 907 276 970 'tessere'nts
298 918 346 969 aut
368 911 512 985 Principis
526 913 619 970 bonor
643 911 675 968 in
696 909 867 984 cuiusquam
888 925 961 968 oon·

95 1011 261 1068 ‘tumetium
290 1016 458 1068 verteretur.
478 1011 609 1068 sufficere
629 1025 732 1066 omnes
757 1007 907 1082 obseqmo
927 1007 958 1064 id

93 1111 207 1180 ‘magis
232 1109 392 1171 vitandum.
416 1127 453 1166 ne
471 1091 645 1182 ‘pervicacis
669 1107 847 1180 quorundam
860 1104 959 1163 inritae

93 1209 191 1260 ‘retur
216 1203 337 1270 animus,
357 1221 438 1262 novo
452 1203 627 1276 ¹I’riueipstu
654 1217 819 1272 suspensus,
847 1205 877 1256 et
899 1201 960 1257 vul·

94 1303 154 1359 ‘tos
181 1319 293 1376 quoque
307 1319 343 1361 so
369 1319 517 1360 sermones
540 1301 670 1358 omnium
696 1301 952 1372 circumspectans.

92 1401 153 1458 ‘Se
181 1401 348 1459 meminisse
374 1407 544 1474 temporum,
564 1401 666 1474 quibus
690 1405 774 1456 natos
801 1397 851 1462 sit,
871 1411 955 1470 qusm

92 1500 241 1558 ‘civitstis
253 1500 374 1557 turmam
396 1505 492 1572 patres
505 1498 611 1572 avique
624 1495 819 1555 instituerint:
842 1494 955 1552 ulterio-

92 1604 142 1656 ‘ra
156 1599 261 1663 mirari,
274 1598 437 1672 praeseutia
449 1598 547 1672 sequi:
570 1599 661 1654 bonos
677 1597 871 1668 Imperatores
888 1600 954 1650 voto

90 1701 257 1769 ‘expuere
277 1700 501 1772 qualescumque
525 1698 659 1781 tolerare.
700 1696 769 1752 Non
792 1692 885 1767 magis
907 1709 955 1752 sua

90 1796 242 1852 ‘oratione
258 1795 431 1860 Thraseam,
450 1813 536 1869 quam
555 1795 665 1854 iudicio
694 1796 830 1854 Senatum
860 1794 967 1854 audie·-

88 1899 180 1952 ‘tum
224 1894 386 1952 Saevitiam
411 1895 535 1952 Neronis
555 1909 606 1968 per
625 1893 788 1952 huiusmodi
810 1896 953 1972 imsgions

88 1991 249 2050 ‘inlusisse
271 2009 326 2051 neo
340 1993 434 2050 minus
457 1992 514 2050 sibi
528 1993 647 2050 anxiam
672 1995 760 2050 tstem
790 1996 954 2056 amicitiam

89 2098 193 2167 ‘quem
207 2093 272 2150 siiis
296 2091 439 2148 exitium.'
481 2091 617 2166 Denique
643 2091 818 2159 nausiantis,
845 2093 952 2153 tortitu-

87 2191 187 2257 ‘dioe,
220 2191 380 2250 Catonibus
404 2196 434 2246 et
459 2189 557 2248 Brutis
584 2197 753 2264 aequaretur
772 2189 949 2250 Helvidius:

86 2297 137 2348 ‘se
164 2307 252 2348 unum
279 2307 344 2346 esse
365 2305 403 2346 ex
431 2289 484 2346 ruo
507 2289 628 2356 Senatu,
656 2289 706 2364 qui
730 2288 816 2346 sinui
845 2289 952 2350 servie-

87 2381 152 2448 ‘ri't
195 2389 323 2450 Suadere
357 2388 446 2444 etiam
471 2386 580 2453 Prisco,
603 2404 640 2444 ne
672 2403 758 2460 supra
781 2387 950 2462 Principem

35 2500 37 2506 '
87 2490 276 2546 ‘soauderett
299 2505 336 2544 ne
356 2484 580 2559 Vespasianum,
605 2501 706 2543 senem
733 2483 949 2562 triumphalem,

87 2587 241 2645 ‘iuvenum
269 2585 424 2643 liberorum
461 2589 580 2656 patrem,
601 2583 763 2657 praesepiis
790 2590 950 2644 eseresrst

87 2686 258 2757 ‘Quomodo
271 2683 403 2758 pessimis
418 2681 641 2754 imperatoribus
665 2681 728 2738 sine
742 2681 809 2757 {tine
822 2685 950 2742 domiue·

85 2784 224 2848 ‘tionem
240 2783 282 2840 ita
295 2782 428 2856 quamvis
438 2781 562 2855 egregiis
577 2781 692 2837 modum
719 2781 874 2850 libertatis,
889 2785 946 2856 pia·

86 2878 196 2938 ‘bere’
256 2880 347 2946 Haeo,
386 2879 498 2954 maguis
525 2880 686 2952 utriumque
709 2881 948 2940 contentionibus

87 2980 203 3047 iactata,
227 2977 351 3035 diversis
371 2979 474 3036 studiis
500 2977 727 3054 recipiebantur.
767 2979 856 3038 Vicit
877 2995 951 3056 pers,

114 3131 162 3177 Per
169 3129 299 3176 huiusmodi
307 3129 416 3185 imagines
429 3129 535 3192 illusisse]
566 3131 617 3178 Hoc
628 3131 686 3178 euim
696 3131 751 3178 dicit
761 3131 844 3193 Eprium
854 3153 859 3180 r
876 3147 921 3181 non
929 3146 952 3182 ss

84 3189 155 3246 magis
163 3195 275 3235 auctorem
285 3187 431 3232 interficiendi
442 3189 514 3234 claros
524 3189 583 3234 viros
592 3189 679 3236 Neroni
688 3190 834 3252 subsequam
844 3193 952 3240 Senatum

83 3247 209 3292 sinisersum
224 3245 260 3305 qui
277 3257 316 3288 eos
333 3244 479 3290 damnaverit.
511 3247 556 3293 Sed
572 3247 687 3294 Nemoem
703 3249 810 3295 videlicet
829 3250 871 3296 boc
885 3251 951 3312 queri

83 3305 157 3348 velum
172 3302 323 3362 praetendisse
332 3301 457 3357 sceleribus,
475 3311 508 3358 ut,
526 3319 584 3364 quae
600 3313 679 3366 sponte
693 3307 901 3362 tesserarum

82 3367 221 3427 accusatores
230 3364 254 3403 at
264 3359 369 3426 Senatum
379 3365 499 3407 exerueret.
511 3367 580 3422 atque
593 3363 626 3410 ita
634 3365 733 3426 imagine
741 3367 840 3426 quadem
850 3366 951 3414 institue

82 3414 391 3463 iromsurbusvrrcdluderei.
669 3451 676 3464 .
