2100 3816
89 175 118 222 s.
134 173 215 224 ca.
351 175 421 224 nus.
439 176 463 223 1.
514 177 591 224 oar.
609 155 752 226 tt.-tt.
888 159 959 226 135

93 328 212 402 Syriam
242 333 273 388 et
305 338 428 404 quatuor
469 329 600 404 legiones
640 330 792 388 obtinebat
826 319 959 390 Liciniis

94 427 258 496 Mucianus,
278 429 325 486 vir
353 429 490 488 secundis
510 428 697 502 advenisque
721 429 804 486 iuxta
826 428 960 488 famosus.

93 527 229 600 lusigaes
248 527 395 586 amicitias
408 527 526 586 iuvenis
539 519 692 586 ambitiose
712 529 860 586 coluerat:
882 545 961 596 mox,

95 625 208 684 adtritis
229 627 342 699 opibus,
363 626 474 685 lubrico
497 632 582 694 statu,
610 633 746 698 suspecta
765 626 856 684 etiam
876 629 961 689 Clau·

95 723 141 782 dii
153 723 308 795 iracundia,
332 725 364 782 in
378 731 521 784 secretum
538 725 628 783 Asiae
642 724 793 798 repositus,
817 729 877 782 tam
900 739 962 798 pro-

96 839 137 896 pe
156 826 192 880 ab
211 827 313 882 exsule
338 824 401 891 luit,
425 811 515 898 quam*
533 829 633 898 postea
657 841 675 880 a
696 823 845 896 Principe.
886 825 963 881 Lux·

97 922 168 989 mia,
193 923 343 992 industria,
356 924 503 988 comitate,
524 921 705 996 adrogantia,
725 922 809 979 malis
824 922 962 996 bonisque
970 942 984 1014 ‘t

97 1021 203 1080 artibus
238 1023 354 1080 mixtus.
390 1023 499 1080 nimiae
526 1025 700 1096 voluptates,
733 1039 799 1082 cum
828 1029 963 1092 vacaret;

99 1123 207 1194 quoties
228 1122 410 1193 expedierat,
432 1139 555 1195 magnae
577 1121 716 1178 virtutes:
737 1125 833 1196 palam
846 1124 963 1190 laudes;
980 1103 1016 1181 l*

97 1225 209 1277 secreta
230 1221 307 1278 male
321 1220 486 1278 audiebant.
531 1220 592 1276 Sed
615 1221 690 1292 apud
712 1221 866 1297 subiectos,
887 1192 983 1294 opudl

98 1318 253 1389 proximos,
280 1319 357 1390 apud
379 1320 526 1392 conlegas,
552 1318 641 1375 variis
664 1318 820 1376 inlecebris
845 1325 964 1392 poteoa3

97 1421 130 1472 et
154 1418 202 1474 eui
229 1417 397 1490 expeditius
424 1417 510 1474 suerit
538 1417 652 1474 tradere
680 1417 845 1490 Imperium,
878 1433 965 1491 quam

98 1516 238 1574 obtinere.
282 1517 399 1574 Bellum
425 1516 577 1574 ludaieum
605 1515 727 1572 Flavius
757 1515 965 1586 Vespasianus,

100 1614 215 1672 Ducem
237 1631 305 1672 eum
334 1615 415 1670 Nero
438 1615 595 1688 detegeret,
616 1615 705 1670 tribue
731 1612 895 1686 legionibus
918 1613 966 1670 ad·

100 1712 291 1770 ministrabat.
352 1713 418 1770 Nec
452 1712 637 1786 Vespasiano
666 1713 806 1796 adversus
841 1711 966 1768 Galbam

100 1819 199 1870 votnm
213 1818 261 1868 aut
283 1811 405 1868 animus.
448 1813 563 1884 Quippe
579 1811 693 1878 Titum,
707 1811 807 1877 lilium,
826 1811 863 1868 ad
879 1827 965 1868 vene·

100 1911 241 1968 rationem
262 1912 428 1984 cultumque
447 1911 509 1966 eius
525 1911 651 1977 miserat,
666 1917 696 1968 ut
715 1927 767 1966 suo
781 1911 847 1967 loeo
861 1926 965 1968 memo·

99 2011 232 2066 rahho-
274 2009 400 2066 Occulta
414 2010 478 2082 lege
492 2009 545 2065 lati
566 2013 596 2066 et
620 2009 742 2066 ostentis
763 2026 798 2066 ac
821 2006 965 2081 responsis
998 1969 1007 2051 i

98 2108 275 2166 &stinctum
308 2106 494 2178 Vespasiano
521 2106 675 2181 liberisque
708 2106 770 2166 eius
801 2105 965 2178 Imperium,

100 2211 163 2278 post
189 2205 334 2262 fortunam
360 2204 544 2272 credidimus.
607 2206 775 2280 Aegyptum
799 2204 966 2276 copiasque,
980 2195 1015 2288 il

100 2305 201 2378 quibus
228 2311 420 2370 coerceretur,
448 2303 507 2360 iam
530 2303 598 2360 inde
619 2305 690 2361 ali.
713 2304 856 2374 Augusto,
880 2299 967 2374 Equi·

100 2409 142 2460 tes
156 2403 286 2462 Romani
313 2401 447 2458 obtimnt
475 2404 541 2460 loco
564 2402 687 2475 Regum.
730 2402 775 2458 lta
798 2398 891 2454 visum
917 2413 987 2454 en:

101 2503 210 2574 pedire,
231 2500 414 2574 provinciam
434 2500 514 2557 aditu
537 2501 695 2567 difficilem,
717 2515 851 2556 annonae
871 2498 968 2554 secun·
983 2527 1015 2590 3!

98 2601 175 2666 darn,
189 2599 395 2672 superstitione
410 2616 446 2656 so
462 2598 584 2654 lascivia
594 2597 758 2655 discordem
772 2613 807 2654 ac
821 2594 968 2661 mobilem,
984 2582 986 2634 Ϊ
1001 2584 1026 2622 ·²

100 2699 227 2756 insciam
253 2699 360 2771 legum,
387 2697 517 2771 ignaram
542 2696 775 2769 magistratuum,
796 2694 876 2752 domi
902 2692 982 2766 reti-3¹

99 2815 180 2856 nere.
222 2797 356 2870 Regebat
383 2801 443 2852 tum
469 2794 607 2852 Tiberius
634 2794 814 2859 Alexander,
837 2792 969 2850 eiusdem

99 2895 238 2954 nationis.
282 2893 383 2952 Africa
397 2911 433 2950 ac
456 2893 587 2967 legiones
609 2892 640 2949 in
665 2909 709 2958 ee,
724 2892 877 2948 interiecto
902 2891 969 2948 clo·

98 2995 147 3052 dio
164 2994 278 3057 Macro,
291 2997 430 3049 contenta
444 2991 635 3065 qualicunque
661 2990 806 3062 Principe,
832 2995 896 3061 post
919 3005 969 3044 ex·

100 3093 297 3168 perimentum
323 3089 433 3148 domini
461 3089 589 3146 minoris.
619 3076 730 3146 'Iiuae
758 3087 968 3151 Mauretaniae,

129 3265 222 3318 Quoties
247 3263 380 3322 auderat]
426 3262 540 3318 Expedtre
563 3261 599 3308 hic
621 3261 730 3316 significat
753 3259 775 3305 in
798 3259 969 3319 expeditionem,

101 3323 188 3437 affini
197 3323 286 3371 bellum
296 3320 409 3382 proticisci,
419 3325 445 3368 ot
460 3321 516 3368 iutra
526 3335 546 3368 e.
556 3323 592 3368 88.
604 3321 638 3380 (et
646 3319 700 3378 XV,
711 3318 758 3377 ti.)
766 3323 791 3364 ut
804 3318 847 3364 ion
857 3320 968 3362 notarunt.
