2090 3838
120 179 194 250 236
423 201 676 252 astronianum
842 205 872 252 n
886 203 918 251 v.
932 204 984 252 aaa

119 356 191 414 nusi
212 355 404 429 Principatus,
427 358 576 416 cuiusboc
601 357 724 430 primum
747 357 898 430 specimen
921 376 987 416 nos·

119 457 247 514 oebatur.
302 455 340 514 Et
362 456 497 514 rl’riuriae
519 456 667 514 licentiam
688 458 880 515 modestume
902 473 984 528 prox·

119 554 180 612 imo
198 557 363 626 exemplum
382 557 531 622 onerabat,
553 555 674 612 Galeria
696 555 882 628 Imperatoris
903 573 983 621 uxor,

119 670 178 711 non
203 654 327 710 inmixta
350 654 492 712 tristibus:
513 659 543 712 et
563 654 625 727 pari
646 653 790 725 probitate
815 661 906 712 mater
930 653 982 709 Vi·

119 752 273 816 miliorum,
302 753 438 818 Sextilia,
465 751 576 826 antiqui
614 733 737 808 noriss
766 751 886 808 Dixisse
912 752 979 826 quin

120 850 273 912 etiamad
295 851 400 921 primas
421 849 474 906 filii
494 851 538 906 sui
561 850 707 922 epistolas,
732 850 884 919 terebatur,
905 857 979 908 ‘non

120 947 348 1006 ‘Germanicum
363 967 379 1004 a
393 965 435 1013 se,
445 950 496 1004 sed
508 947 662 1006 Vitellium
673 946 824 1020 genitum?
865 949 929 1006 Nec
942 949 980 1004 nl·

118 1047 158 1102 lis
180 1057 278 1117 prostes
299 1048 429 1102 fortunae
457 1045 623 1108 inlecebris,
643 1050 693 1102 aut
714 1047 824 1102 ambitu
844 1045 977 1111 civitatis,

119 1144 151 1200 in
165 1145 299 1216 gaudium
313 1145 422 1208 evicta,
447 1145 548 1201 domas
570 1161 640 1200 suae
655 1151 767 1206 tantum
781 1146 904 1202 adversa
917 1161 976 1202 seu·

67 1243 167 1311 aptit.
219 1243 388 1316 Digressum
403 1259 423 1298 a
445 1243 588 1314 Lugduno
607 1243 763 1300 Vitellium
793 1243 835 1300 Μ.
858 1243 975 1301 Clusius

119 1339 211 1398 Rufus
225 1341 398 1414 adsequitur,
416 1342 522 1398 omissa
542 1341 702 1413 Hispania;
724 1341 865 1400 laetitiam
878 1348 906 1398 et
919 1357 975 1415 gra·

117 1440 289 1496 tutationem
310 1441 391 1512 vul-tu
405 1437 511 1506 tersas,
525 1440 624 1496 animo
645 1441 748 1498 anxius
762 1448 793 1496 et
807 1441 926 1513 petitum
944 1456 972 1496 se

118 1538 367 1596 criminationibus
382 1555 495 1611 gnarus.
547 1539 686 1602 Hilarius,
702 1539 837 1596 Caesaris
852 1539 971 1619 libertis,

117 1638 272 1702 detularat,
283 1644 294 1670 ⁸
306 1645 460 1710 tamquam,
474 1637 573 1694 audito
584 1637 701 1694 Vitellii
717 1645 747 1695 et
761 1637 886 1697 Olboois
901 1637 973 1694 Prin·

120 1736 247 1807 ‘cipatm
271 1735 414 1806 propriam
441 1735 503 1806 ipse
530 1735 692 1807 potentiam
716 1741 747 1792 et
771 1736 972 1809 possessionem

119 1832 345 1905 ‘Hispaniarum
359 1839 517 1890 tentasset:
537 1850 629 1910 coque
649 1834 855 1906 diplomatibus
870 1838 972 1904 nullum
1029 1817 1030 1824 ἶ

119 1931 305 2003 ‘Principem
333 1929 582 2003 praescripsisset!
622 1934 869 2005 Interpretabatur
895 1949 973 2008 quac·

116 2031 185 2088 dam
206 2049 244 2088 ex
263 2031 440 2088 orationibus
459 2032 530 2098 eius,
543 2033 756 2090 contumeliosa
770 2033 800 2090 in
816 2034 973 2097 Vitellium
1028 2007 1029 2036 ¹

117 2135 149 2188 et
163 2147 258 2202 prose
273 2130 336 2201 ipso
350 2130 508 2202 popularia.
564 2131 732 2188 Auctoritas
747 2131 974 2204 Clusiipraeva·
1027 2189 1028 2200 ¹

115 2229 181 2295 luit,
204 2236 235 2286 ut
256 2227 349 2301 puniri
361 2228 581 2286 ultrolibertum
591 2245 674 2286 suum
699 2229 840 2286 Vitellius
859 2229 970 2286 iuberet

118 2327 241 2386 Cluvius
260 2325 412 2384 comitatui
431 2326 577 2398 Principis
597 2325 738 2393 adiectus,
761 2344 820 2386 non
845 2329 972 2400 adempta

113 2425 270 2499 Hispania,
290 2441 375 2498 quam
394 2423 472 2482 rexit
490 2426 605 2490 absens,
624 2428 769 2498 exemplo.
784 2427 820 2486 1..
837 2423 971 2484 Arruntii.

114 2541 183 2580 aum
199 2523 336 2582 Tiberius
359 2523 469 2580 caan
492 2526 531 2580 ob
553 2529 670 2591 metum,
685 2525 826 2582 Vitellius
840 2524 972 2584 Cluviam
1025 2587 1026 2594 χ

117 2624 198 2680 uslla
226 2622 377 2680 tormidine
404 2620 557 2678 retinebat.
616 2623 686 2680 Non
719 2623 798 2680 idem
827 2621 972 2682 Trebellio

117 2719 251 2777 Maximo
264 2721 365 2776 honos.
386 2721 549 2794 profugerat
569 2721 733 2791 Britannia,
746 2724 784 2780 ob
798 2722 970 2780 iracundiam

115 2817 257 2875 militum:
277 2819 379 2875 missus
392 2824 436 2875 est
449 2819 480 2876 in
496 2822 591 2876 locum
605 2820 667 2878 eius
681 2821 800 2880 Vettius
814 2821 941 2880 Boiam
955 2836 969 2873 e

61 2937 104 2996 66
116 2915 322 2990 praesentibus.
365 2917 502 2990 Angebat
512 2917 667 2976 Vitellium
677 2919 819 2980 victarum
832 2921 970 2994 legionum

113 3015 331 3090 haudquaquam
342 3014 447 3074 irsotus
467 3016 589 3074 animus.
610 3031 725 3089 sparsae
740 3033 791 3092 per
805 3018 929 3078 ltaliam.
943 3018 970 3072 et

145 3189 239 3234 Ambitu
257 3188 352 3234 ciuitatis
369 3189 395 3234 in
417 3190 529 3244 gaudium
547 3191 624 3252 muta]
662 3191 781 3238 Ambitum
800 3191 895 3238 duum
912 3189 971 3235 vocat

114 3247 206 3292 effusum
216 3245 360 3301 gratulandae
375 3245 492 3302 felicitatis,
507 3247 656 3310 adulandique
671 3251 774 3296 sardium.
806 3250 892 3297 Emori
904 3255 970 3296 subm

114 3304 141 3350 iss
155 3303 321 3372 gaudiumest.
339 3305 376 3350 vel
392 3304 484 3350 invitum
502 3306 573 3374 redigi
587 3309 681 3370 ⁴etcopi
699 3311 729 3355 ad
747 3311 890 3356 laetandum:
907 3319 971 3368 eoque
1021 3335 1022 3346 t

117 3361 185 3430 uerbo
205 3375 227 3430 ψ
246 3375 322 3420 pruma
348 3361 473 3432 delectatur
498 3363 597 3435 Tacitus.
629 3367 665 3413 Sic
684 3370 714 3414 Δ.
734 3367 777 3422 xi.
797 3371 833 3415 37.
860 3367 929 3414 tufam
945 3364 971 3409 sd

112 3422 275 3465 marmenem
284 3418 336 3474 XV,
346 3423 381 3465 us.
393 3420 549 3468 bbadtmeusr
557 3429 617 3470 ustas
627 3425 704 3484 mium,
714 3427 786 3488 sarad
796 3426 922 3474 vivendum.
