2100 3834
88 137 159 204 302
394 157 645 206 maronianum
785 161 839 206 ,ι
857 158 888 206 ν.
904 146 954 207 aaa

86 315 269 368 sacramanto
294 310 395 383 adigit.
422 311 615 384 superfluente
642 310 827 368 multitudine
855 327 958 368 curam

87 409 220 468 delectus
243 409 274 467 in
289 411 431 466 Consules
452 409 579 482 partitur.
621 410 777 467 Servorum
805 427 958 466 nnmerum

89 515 118 566 et
134 509 245 580 'roudus
259 509 372 583 argenti
395 507 582 566 Senatoribus
602 508 716 564 indicit.
755 508 877 582 Equites
903 507 962 564 Ro·

90 606 170 663 mani
197 608 327 664 obtulere
353 623 471 679 operam
499 606 704 680 pecuniasque,
730 607 820 662 etiam
854 605 963 662 liberti·

90 703 136 762 nis
160 704 237 762 idern
266 723 366 765 munus
394 707 469 761 ultro
496 704 701 778 flagitantibus.
741 705 786 761 Ea
814 704 962 760 simulatio

91 803 191 870 officii,
218 820 236 860 a
263 804 493 876 mctuprolccta,
517 810 644 860 verterat
670 805 703 862 in
729 804 869 860 favonem.
924 803 963 860 Et

96 903 224 974 plerique
251 903 326 958 baud
352 901 471 974 perinde
498 902 662 968 Vitellium,
686 919 771 976 quam
796 919 897 958 casum
925 905 963 960 lo

92 1017 214 1074 cumque
232 999 421 1072 Principatus,
445 1001 661 1057 miserabantur.
684 1018 740 1057 nec
763 1001 865 1056 deerat
890 1001 961 1073 ipse,
1041 1019 1042 1084 t

97 1101 189 1163 vultu,
218 1115 301 1162 voce,
329 1098 464 1165 lacrimis,
497 1098 725 1156 misericordiam
751 1099 878 1166 elicere;
911 1101 962 1156 lar·

93 1175 153 1268 gua*
173 1197 327 1267 promissis,
358 1203 398 1262 et,
430 1214 503 1270 quae
538 1205 639 1254 natura
673 1197 881 1269 trepidantium
907 1202 961 1266 est,

93 1293 266 1350 inmodicus.
309 1295 387 1365 Quin
412 1301 441 1350 et
466 1293 615 1352 Caesareus
642 1314 673 1352 se
700 1295 762 1352 dici
783 1295 887 1360 voluit,
917 1297 963 1354 ad·

89 1401 243 1465 spernatus
270 1398 374 1450 ardea:
410 1394 462 1449 scd
490 1394 800 1466 tuncsuperstttionc
830 1395 962 1460 nominis,

94 1497 124 1550 et
138 1491 205 1565 quia
218 1492 248 1548 in
261 1499 338 1548 metu
351 1493 475 1548 consilia
489 1492 681 1564 prudentium,
700 1498 730 1548 et
753 1492 833 1566 vulgi
858 1511 962 1558 rumor,

95 1590 177 1648 iuxta
201 1591 362 1648 audiuntur.
404 1591 550 1658 Ceterum,
570 1596 602 1647 ut
622 1590 720 1648 omnia
743 1591 903 1648 inconsulti
923 1591 965 1648 in·

96 1699 179 1762 petus
199 1697 312 1763 coepta,
333 1687 424 1746 initiis
450 1689 557 1756 valida,
583 1689 678 1762 spatio
701 1693 903 1763 languescunt,
924 1689 965 1746 di·
1043 1733 1044 1738 κ

96 1788 155 1844 labi
188 1788 338 1860 paullatim
360 1791 516 1844 Senatores
539 1788 725 1862 Equitesque,
756 1789 850 1860 primo
877 1805 964 1844 cunc·

96 1889 200 1951 tanter,
231 1893 268 1952 et,
293 1887 343 1942 ubi
366 1886 428 1960 ipse
456 1904 514 1944 uon
539 1887 647 1954 aderat,
683 1905 751 1944 mon
774 1887 966 1960 contemptim
1044 1912 1045 1998 p

96 1991 126 2040 et
153 1985 217 2042 siue
245 1985 435 2055 discrimine,
464 1987 558 2043 donec
583 1986 724 2042 Vitellius
747 1987 858 2058 pudore
885 1985 966 2042 inriti

44 2091 226 2152 59conatns,
254 2102 327 2159 quae
353 2103 411 2142 non
435 2086 586 2152 dabantur,
611 2084 734 2142 remisit.
800 2084 846 2140 Vt
877 2089 966 2140 terro.-
1044 2105 1045 2132 ι

96 2203 158 2242 rens
173 2185 276 2242 ltaliae
299 2201 430 2256 possessa
454 2183 603 2249 lllevauia,
627 2201 662 2239 ac
677 2185 757 2240 velut
781 2189 967 2240 renatumex

95 2283 210 2358 integro
238 2285 354 2348 bellum,
383 2282 541 2338 intulerat:
575 2281 616 2338 ita
641 2282 716 2338 band
750 2281 870 2338 dubium
898 2297 967 2356 erga

98 2383 258 2440 Flavianas
273 2388 367 2454 partes
381 2380 506 2436 studium
522 2386 581 2436 tam
592 2381 714 2453 pavidus
727 2379 845 2436 Vitellii
860 2381 967 2436 aliseos

96 2497 144 2538 sus
171 2481 291 2536 addidit.
333 2481 453 2537 Erectus
480 2480 596 2536 Samnis
622 2479 816 2552 Peligunsque
837 2489 868 2536 et
890 2479 966 2536 Mar.-

96 2579 122 2635 ai
136 2579 342 2645 aemulatione,
365 2579 440 2651 quod
466 2578 628 2650 Campania
653 2577 862 2650 praevenisset,
883 2587 913 2634 ut
935 2576 965 2634 in

97 2693 175 2733 novo
197 2677 345 2750 obsequio,
369 2679 406 2734 ad
433 2681 539 2733 cuncta
565 2677 633 2732 belli
657 2675 754 2732 munia
768 2693 851 2732 acres
874 2679 965 2732 erant.

98 2775 157 2830 Sed
184 2775 267 2830 laeda
296 2775 466 2847 bieme,per
492 2773 642 2832 transitum
673 2773 825 2846 Apennini
850 2773 968 2831 conflic-

97 2878 174 2928 tatus
198 2872 355 2938 exercitus,
383 2879 412 2930 et
442 2873 492 2930 vix
518 2874 616 2946 quieto
637 2872 753 2946 agmine
779 2872 866 2930 nives
892 2875 965 2928 eluc-

99 2971 235 3037 tantibus,
273 2972 374 3043 patuit,
418 2980 556 3045 quantum
586 2970 761 3029 discriminis
804 2971 967 3028 adeundum

99 3071 179 3136 loret,
209 3069 242 3126 ni
270 3069 426 3126 Vitellium
454 3077 529 3126 retro
557 3071 686 3127 Fortuna
709 3069 862 3125 vertisseta
895 3087 966 3144 quac

99 3168 253 3226 Flavianis
283 3169 415 3224 Ducibus
449 3186 507 3224 non
532 3170 626 3224 minrrs
653 3185 749 3240 saepe,
772 3185 858 3240 quam
887 3167 967 3231 ratio,

98 3266 198 3322 adluit.
241 3265 367 3321 Obviam
396 3265 458 3321 illic
487 3266 623 3324 Petilium
660 3267 805 3324 Cerialem
833 3267 968 3333 habuere,

97 3363 204 3440 agresti
227 3364 307 3424 cultu
331 3367 361 3420 et
386 3362 492 3420 notitia
516 3365 646 3424 locorum
673 3365 821 3422 custodias
849 3363 969 3425 virebit
