2114 3830
13 203 14 250 3
109 144 182 214 ³⁷6
430 165 684 218 nrenonrsnrsr
742 175 745 180 ·
830 165 965 214 sven.

13 315 14 324 ’
110 319 357 394 Agrippinensem
376 319 569 395 diripiendam
592 319 770 380 exercitibus
783 318 844 377 suis
858 317 965 394 perusii·

110 425 215 488 terent,
242 420 422 480 dubitavere.
484 419 619 480 Saevitis
644 419 757 493 ingenii
782 427 811 476 et
838 418 967 490 cupidine

110 521 236 596 praeese
251 521 288 578 ed
301 519 450 578 excidium
463 519 596 582 civitatis
617 520 822 577 trahebantur:
843 519 967 575 obstshni

109 619 184 678 reno
197 619 276 687 belii,
296 623 449 678 eteorum
474 619 631 690 imperium
658 617 866 684 inohmntibue
892 615 965 674 utilis

111 717 287 778 elementiae
320 717 407 774 ieme.
457 717 587 776 Civilem
608 717 698 774 etiem
713 715 851 774 beneficii
871 731 966 772 memo

109 817 153 876 rin
169 816 262 884 flexit,
288 818 364 891 quod
378 815 469 874 tilium
492 815 564 878 eius.
585 817 678 886 primo
703 832 799 872 rerum
828 821 917 882 motu,
939 812 966 870 io

109 915 227 974 solonis
248 915 457 988 Agrippinensi
482 915 703 986 deprehensum,
729 914 870 972 honorate
884 918 966 970 eurio

109 1013 233 1072 dierunt.
275 1015 333 1072 Sed
348 1013 582 1072 Transrhenanis
600 1013 736 1086 gentibus
751 1013 848 1070 invise
860 1011 966 1076 civiter,

109 1111 258 1186 opulentia
281 1117 434 1186 suetoque.
474 1113 578 1186 Neque
606 1111 694 1170 elium
719 1111 808 1170 finem
838 1109 907 1168 beili
931 1125 967 1166 re

110 1211 222 1274 buntur,
241 1227 327 1284 quom
341 1211 365 1266 ei
382 1210 542 1281 promiscue
556 1228 592 1268 en
605 1211 690 1268 sedes
701 1210 838 1268 omnibus
856 1209 966 1267 Germ

110 1307 156 1368 nis
184 1307 265 1374 foret,
286 1315 346 1375 eut,
370 1307 504 1376 dieieotm
524 1309 619 1366 Vbios
646 1325 757 1384 quoque
785 1307 965 1380 dispersisset.

111 1406 204 1480 Igitur
219 1407 372 1472 Tencteri,
394 1407 498 1466 Rheno
518 1407 644 1464 discrete
678 1425 760 1481 gene,
780 1407 875 1464 minsis
900 1408 966 1480 iege·

110 1504 159 1572 iis.
191 1507 326 1566 mandute
353 1507 431 1580 sputi
461 1505 618 1564 conuitium
642 1506 900 1580 Agrippinensium
926 1503 967 1560 edi

111 1601 211 1662 iubent
227 1624 233 1658 :
255 1621 326 1681 quoe
345 1603 541 1660 ierooiesimus
555 1621 571 1660 e
586 1605 689 1676 legatie
711 1604 742 1660 in
768 1604 847 1662 huno
862 1604 969 1660 modun

60 1703 102 1761 st
113 1703 246 1774 protulit:
267 1708 275 1735 ⁴
291 1701 413 1760 Redisse
426 1719 477 1758 vos
505 1702 535 1758 in
550 1718 653 1776 eorpus
667 1720 832 1776 nomenque
859 1703 970 1758 Germe·

112 1801 211 1864 ‘nise‚
251 1800 450 1858 communibus
486 1801 559 1858 Deis
593 1806 622 1856 et
654 1801 810 1872 praecipuo
838 1801 971 1864 Deorum,

113 1898 233 1962 ‘Morti
249 1906 345 1972 gretes
371 1899 500 1972 egimus:
530 1899 669 1972 vobisque
697 1901 882 1972 gratulemur,
901 1895 972 1971 qnod

113 1997 254 2054 ‘tandem
276 1997 359 2054 tiberi
374 1997 450 2054 inter
477 1998 582 2054 liberos
596 1997 685 2054 eritis.
727 1999 806 2054 Nem
834 1999 871 2054 ed
899 1997 971 2052 huno

111 2095 206 2154 ‘diem
221 2095 338 2152 flumine
358 2112 393 2152 no
414 2102 503 2152 terras
524 2103 553 2154 et
566 2097 680 2154 oeeiunt
708 2096 919 2168 quonammodo
932 2095 972 2166 ip·

112 2201 194 2252 ‘sum
222 2197 385 2252 clauserant
401 2193 545 2252 Romani:
568 2199 597 2252 nt
612 2195 766 2268 oonioquin
794 2209 974 2266 congressus·

114 2299 188 2368 ‘que
202 2299 313 2352 nostroe
338 2299 488 2362 nroereot;
511 2294 568 2358 vei,
589 2294 663 2368 quud
677 2292 919 2350 contumeliosius
933 2293 974 2346 esi

114 2391 253 2448 ‘virised
274 2409 353 2448 ormo
379 2389 466 2458 netis,
486 2391 610 2448 inermes
635 2408 671 2448 oe
700 2409 787 2463 prope
817 2392 896 2456 nudi,
924 2389 974 2446 enh

114 2490 251 2548 ‘custode
265 2493 295 2546 et
310 2489 401 2562 pretio
411 2489 564 2546 eoiremue.
606 2489 676 2554 Sed,
697 2495 727 2546 ut
741 2488 873 2546 amicitie
887 2487 978 2544 socie·

113 2592 234 2660 ‘tneque
250 2595 345 2646 nostra
369 2588 399 2644 in
424 2592 572 2646 aeternnm
598 2592 659 2643 rata
687 2586 733 2653 eit,
755 2589 933 2656 postulemus
959 2602 976 2642 n

114 2685 230 2750 ‘vobim
260 2703 353 2742 muros
373 2685 515 2754 coioniae,
535 2685 713 2742 munimento
742 2683 866 2750 servitii,
886 2687 976 2742 detre-

113 2784 214 2840 ‘hatie
235 2780 337 2858 (etiam
363 2783 422 2842 iere
437 2785 585 2849 arsimone,
604 2783 629 2839 si
643 2786 741 2840 elersen
756 2788 867 2850 teneus,
890 2783 976 2840 virin-

113 2885 121 2912 ‘
137 2881 173 2938 iis
193 2880 404 2940 obtivieonutur
418 2879 439 2958 r)
462 2869 607 2940 Romanos
621 2900 722 2940 omnes
749 2881 780 2938 in
795 2881 900 2939 tinibus
915 2899 976 2940 ves-

112 2983 120 3009 ‘
136 2978 186 3034 tris
202 2978 369 3048 trucidetie;
392 2980 466 3036 haud
494 2980 581 3037 suoile
595 2980 712 3038 libertas
727 2986 757 3036 et
785 2980 897 3036 domini
911 2980 976 3037 mis-

112 3081 244 3142 ‘oeutur‚
265 3077 340 3132 hone
367 3077 583 3134 interfectorum
597 3077 628 3134 in
656 3077 782 3134 medium
796 3081 913 3144 certent,
938 3095 974 3134 ne

113 3175 193 3248 ‘quie
215 3175 349 3229 ooouiere
381 3173 545 3247 quidquem,
582 3182 631 3232 eut
659 3193 810 3250 segregare
843 3193 975 3234 causeam

112 3275 211 3329 ‘sunm
226 3269 323 3342 possit.
365 3270 470 3328 Liceat
498 3273 581 3328 nobis
597 3273 736 3348 vobisque
764 3278 913 3348 utramque
943 3272 973 3330 ri
1043 3329 1044 3340 ,

112 3369 198 3436 ‘pem
225 3368 331 3434 colere,
351 3372 383 3422 ut
406 3367 475 3424 oiim
495 3369 659 3446 ‚maioribus
684 3371 799 3430 nostris.
833 3373 975 3450 quomodo
1043 3377 1044 3382 ’
