2090 3838
76 239 181 290 aare.
284 242 359 291 nna.
387 243 409 290 1.
458 243 535 291 one.
562 219 728 291 ut.-89.
854 220 924 290 187

78 391 288 454 eontinentur
303 397 458 466 retinebat,
485 398 521 454 ad
544 399 753 455 obaarvandam
780 397 926 454 nonanto-

76 509 126 550 rnna
148 495 232 553 fidem
254 499 423 556 eomitalne.
465 497 599 554 Peditum
626 497 808 570 equitumque
832 495 925 568 ooplle

79 589 217 649 Suetonius
238 593 402 664 Paullinue,
424 593 658 660 brannacum,
676 591 790 651 Annine
812 592 924 660 (latine,

75 692 353 750 reetoreedeetinati.
395 695 455 751 Sed
469 693 590 766 plurima
616 692 687 750 lidee
711 689 831 748 Licinio
859 689 926 747 Pro·

74 789 137 855 ento,
163 791 306 848 Praetorii
329 791 491 848 Praefecto.
511 792 537 847 ie
557 793 683 847 urbanae
703 787 827 848 militiae
853 786 927 860 inpi-

74 902 123 957 ger,
141 888 280 948 bellorurn
316 890 457 956 inpotem,
490 888 692 946 anctoritatem
720 886 856 951 Paullini,
886 887 927 943 vl-

74 1001 158 1057 gorem
171 989 262 1053 Celet,
285 989 482 1046 maturitatem
496 987 585 1056 Galli,
605 993 636 1044 ut
663 987 768 1060 enlque
788 991 859 1052 erat,
873 984 928 1042 orl·

75 1082 206 1151 minando,
219 1089 297 1160 quod
324 1085 495 1144 laoillimurn
518 1086 596 1142 lautu
610 1091 665 1148 eet,
686 1099 790 1156 pravue
811 1088 841 1140 et
868 1083 927 1141 eal·

75 1179 146 1247 lidos,
172 1185 262 1242 bonon
292 1191 324 1240 et
345 1185 489 1241 modeetoe
517 1183 656 1241 anteibat.
698 1183 848 1254 Sepoellue
875 1188 978 1252 perae

75 1293 116 1334 eor
124 1279 181 1338 dier
195 1283 354 1340 Cornelius
363 1283 520 1339 Dolabella
534 1281 564 1338 in
578 1281 723 1338 coloniam
740 1281 928 1355 Aquinatem,

77 1393 157 1450 neque
191 1387 254 1437 arta
282 1379 426 1446 custodia,
456 1395 550 1453 neque
580 1381 720 1436 obseura:
752 1382 861 1464 nullum
888 1381 927 1436 ob

78 1474 182 1546 odmen,
201 1480 253 1535 aed
284 1482 401 1535 vetusto
415 1477 532 1534 nornine
546 1481 575 1534 et
590 1476 802 1550 propinquitate
813 1477 928 1534 Galbae

77 1579 245 1634 monstratae.
290 1575 432 1633 blultoee
453 1575 679 1649 Magistratibue.
700 1589 833 1647 magnam
860 1589 928 1630 non·

79 1673 198 1731 notarium
214 1684 338 1748 partem,
352 1675 439 1737 Otho,
455 1691 513 1730 non
528 1671 682 1746 participes
710 1677 759 1728 aut
781 1669 940 1728 minietroe'

80 1769 155 1834 bello,
173 1777 225 1832 aed
252 1773 393 1830 comitum
411 1771 520 1844 epeoie,
539 1787 638 1828 wourn
665 1769 804 1843 expedire
828 1769 928 1826 lubet:

80 1867 104 1922 in
117 1869 173 1942 quia
199 1875 230 1928 et
258 1873 295 1928 L.
310 1870 474 1936 Vitellium,
507 1869 610 1926 eodem
630 1883 687 1942 qno
705 1872 817 1924 oeteroa
837 1869 926 1935 cultu,

79 1981 127 2022 neo
140 1974 168 2024 ut
191 1967 379 2042 Imperatorio
406 1969 530 2032 tratrem,
565 1983 620 2024 neo
645 1972 675 2023 ut
698 1965 796 2023 boetia.
837 1967 930 2041 lgltur

80 2070 145 2120 mota
158 2067 236 2125 urbia
251 2083 337 2124 eura:
359 2069 452 2124 nullut
478 2068 549 2122 ordo
563 2069 641 2123 metu
660 2071 709 2122 aut
731 2065 861 2138 periculo
879 2083 929 2123 ra·

81 2177 149 2218 cuua.
169 2167 308 2238 primores
320 2166 444 2222 Senatue
458 2169 554 2220 aetate
568 2163 691 2220 invalidi
705 2167 735 2220 et
757 2165 842 2236 longa
856 2180 929 2236 pace

84 2259 201 2333 deaidee3
223 2263 322 2336 segnia
336 2269 365 2318 et
389 2262 480 2318 oblita
507 2261 647 2318 bellorum
675 2259 831 2328 nobilitaa3
850 2261 930 2333 igna-

84 2371 123 2413 tus
140 2363 261 2419 militiae
277 2361 394 2435 Eques:
414 2365 522 2435 quanto
545 2361 636 2432 magia
659 2361 806 2416 oecultere
829 2363 860 2414 et
883 2359 931 2413 ab·

82 2453 139 2512 dere
159 2475 296 2531 pavorem
317 2460 489 2524 nitebantur,
513 2457 692 2515 manifestius
720 2455 829 2528 pavidi.
864 2456 931 2514 Neo

83 2555 187 2615 deerant
202 2575 220 2614 e
234 2557 388 2623 contrario,
401 2557 450 2632 qni
463 2555 621 2614 ambitione
645 2557 758 2624 stolida,
773 2554 931 2628 conspicua

84 2665 161 2721 arma,
181 2656 312 2729 insigne·
335 2673 432 2729 equos,
452 2655 568 2728 quidam
589 2654 750 2711 luxurioeoe
777 2654 930 2726 adparatu·

81 2755 273 2809 conviviorum
287 2759 316 2809 et
330 2753 516 2810 inritamenta
527 2751 685 2818 libidinum,
700 2757 730 2809 nt
741 2752 931 2812 instrumenta

84 2847 152 2915 betti,
168 2863 372 2909 mercarentur.
414 2849 598 2923 sapientibus
611 2849 715 2924 quietio
739 2857 769 2906 et
783 2851 932 2925 Reipubli-

83 2960 130 3003 oae
154 2965 239 3007 eura:
262 2949 423 3005 levissimae
452 2947 570 3021 quiaque
596 2953 625 3004 et
649 2947 735 3004 laturi
755 2948 931 3021 inprovidus,

82 3059 126 3116 ape
139 3065 215 3106 nana
228 3053 342 3104 lomene
353 3065 359 3102 :
372 3045 455 3102 multi
466 3045 582 3101 addicta
591 3045 646 3102 nde
661 3046 691 3102 in
704 3063 784 3118 paee,
794 3063 828 3103 ao
841 3049 933 3104 turba·

84 3141 333 3211 tierebuealacrea‚
347 3149 376 3200 et
392 3161 442 3216 per
455 3143 566 3200 incerta
581 3143 724 3199 tutieeimi.
747 3144 805 3200 Sed
821 3147 932 3217 vulgus,
944 3146 985 3203 89

84 3246 110 3296 et
130 3241 328 3316 magnitudine
354 3239 443 3298 nimia
465 3241 660 3300 communium
682 3257 812 3298 nurerum
827 3257 932 3313 erpere

107 3413 180 3462 Secum
195 3413 306 3474 expedire]
321 3413 337 3462 i.
353 3427 373 3462 e.
392 3412 415 3460 in
430 3411 513 3460 belluna
529 3413 572 3470 ire,
588 3413 618 3460 ad
634 3411 757 3474 bellumne
773 3407 896 3464 utzingen,
909 3411 936 3452 ut

85 3485 139 3537 supra
148 3490 168 3522 e.
181 3477 214 3522 lll.
224 3473 316 3524 dinan.
