2090 3838
93 171 167 242 238
391 183 642 242 nrsronrsavtu
711 220 714 236 .
816 189 888 238 nv.
903 191 960 238 aas.

92 345 173 404 iussi.
200 361 269 402 nam
294 343 426 402 Caecina
454 343 627 412 Cremonae,
652 343 768 402 Valens
795 342 957 409 Bononiae,

92 445 290 518 spectaculum
304 443 493 518 gladiatorum
514 446 601 500 edere
623 446 782 516 parabant:
803 459 957 516 numquam

92 546 134 602 ita
157 546 195 602 ad
220 561 302 605 curas
327 544 441 612 intento
465 543 602 611 Vitellio,
627 549 658 602 nt
680 546 860 616 voluptatum
883 542 956 598 obli-

37 637 79 694 68
94 646 260 704 visceretur.
301 643 340 700 ut
359 643 476 716 quidem
497 648 593 714 partes
614 644 745 700 modeste
764 643 957 700 distraxerat:

91 745 166 817 apud
189 744 314 800 victores
332 747 396 822 prta
428 741 543 808 seditio,
563 740 674 798 ludicro
696 742 792 809 initio,
822 741 879 797 uisi
908 756 959 796 nu·

91 859 186 900 merus
199 859 348 900 caesorum
363 840 506 898 invidiam
525 841 603 897 bello
616 839 755 899 auxisset.
797 840 957 898 Discubue-

90 947 134 999 rat
156 942 295 1000 Vitellius
325 940 437 1010 Ticini,
458 939 588 998 adhibito
615 941 653 997 ad
678 941 778 1012 epulas
803 936 953 1010 Verginio.

90 1040 196 1113 Legati
223 1041 414 1114 Tribunique,
445 1059 483 1100 ex
511 1039 637 1100 moribus
664 1041 884 1111 Imperatorum,
908 1052 951 1092 se·

90 1139 244 1196 veritatem
278 1142 468 1205 aemulantur,
510 1141 559 1196 vel
593 1137 775 1211 tempestivis
809 1133 953 1194 conviviis

89 1237 231 1310 gaudent:
253 1238 372 1310 perinde
400 1239 483 1296 miles
506 1237 715 1303 intentusaut
740 1237 865 1293 licenter
887 1235 952 1308 agit.

91 1336 180 1407 Apud
227 1336 384 1394 Vitellium
422 1336 521 1394 omnia
562 1336 743 1409 indisposita,
787 1337 952 1399 temulenta,

89 1433 251 1508 pervigiliis
287 1452 322 1492 ao
363 1435 608 1501 Bacchanalibus,
652 1453 738 1509 quam
782 1433 952 1507 disciptinae

88 1537 120 1591 et
134 1537 246 1602 castris,
267 1534 408 1608 propiora.
451 1533 544 1607 lgitnr
557 1535 666 1592 duobus
691 1533 844 1598 militibus,
864 1535 952 1588 altero

89 1638 214 1712 legionis
244 1635 371 1711 quintae,
401 1635 493 1694 altero
517 1651 534 1689 e
559 1632 654 1690 Gallis
679 1633 878 1698 auxiliaribus,
904 1647 952 1704 per

89 1738 254 1800 lasciviam,
274 1736 310 1790 ad
344 1738 492 1790 certamen
528 1731 659 1788 luctandi
702 1731 848 1796 accensis,
883 1735 953 1804 post·

87 1851 173 1909 quam
199 1832 380 1908 ‘legionarius
412 1831 585 1902 prociderat,
615 1829 774 1888 insultante
809 1831 905 1897 Gallo,
924 1833 953 1886 et

87 1933 133 1998 iis,
170 1932 219 2004 qui
246 1932 282 1988 ad
320 1931 510 2002 spectandum
546 1935 756 1996 convenerant,
792 1929 824 1986 in
862 1928 953 1986 studia

87 2029 222 2094 diductis,
247 2046 366 2099 erupere
381 2027 533 2101 legionarii
554 2027 585 2084 in
600 2028 758 2100 perniciem
772 2029 954 2096 auxiliorum,

88 2147 123 2187 an
147 2129 221 2185 duae
242 2128 376 2186 cobortes
399 2126 580 2184 interfectae.
621 2126 795 2186 Remedium
819 2129 954 2186 tumultus

88 2229 142 2288 luit
156 2227 229 2286 alius
241 2212 386 2284 tumultus.
402 2224 498 2298 pulvis
508 2227 606 2298 procul
618 2229 740 2294 etarma
754 2226 953 2298 adspiciebaa-

89 2334 151 2386 tur:
175 2328 389 2386 conclamatum
403 2329 532 2396 repente,
557 2328 565 2355 ⁶
579 2324 855 2398 quartamdecimam
869 2324 954 2399 legio·

89 2433 97 2460 ‘
109 2445 185 2494 nem,
198 2443 283 2484 verso
293 2425 408 2489 itinere,
418 2423 455 2479 ad
467 2421 607 2496 proelium
619 2421 741 2479 venire!
752 2424 803 2479 sed
815 2429 901 2480 erant
910 2441 954 2496 ag·

88 2526 176 2584 minis
187 2531 345 2582 coactores.
356 2521 458 2596 agniti,
469 2522 620 2593 dempsere
630 2520 868 2578 sollicitudinem.
911 2523 954 2579 lu·

88 2625 173 2682 terim
188 2623 322 2696 Verginii
337 2639 438 2678 servus
452 2621 524 2677 torte
537 2619 651 2686 obvius,
664 2625 696 2676 ut
705 2635 857 2694 percussor
870 2619 901 2675 V
899 2616 957 2676 aa*

88 2719 121 2777 lii
145 2721 333 2778 insimulatur.
354 2725 384 2806 et
406 2720 506 2776 ruebat
519 2719 557 2775 ad
580 2717 750 2776 convivium
765 2717 859 2786 miles,
884 2733 953 2774 mor·

87 2826 142 2878 tem
177 2816 309 2892 Verginii
340 2835 512 2890 exposcens.
572 2817 620 2874 Ne
654 2817 794 2876 Vitellius
825 2817 953 2892 quidem,

88 2925 258 2991 quamquam
272 2918 307 2974 ad
332 2933 432 2974 omnes
459 2914 783 2989 suspicionespavidus,
810 2917 848 2972 de
873 2917 954 2974 inuo-

88 3009 186 3074 ceutia
200 3015 262 3073 eius
276 3014 431 3072 dubitavit.
451 3032 537 3089 aegre
562 3018 659 3072 tamen
674 3014 804 3080 cohibiti,
828 3013 953 3088 quiesi·

89 3113 160 3170 tium
176 3113 233 3170 viri
256 3113 431 3179 Consularis,
451 3118 481 3170 et
495 3115 638 3186 quondam
654 3113 745 3170 Ducis
760 3112 814 3179 sui,
842 3111 952 3188 flagita·

88 3212 168 3268 bant.
209 3212 276 3266 Nee
302 3227 473 3283 quemquam
500 3211 626 3283 saepius,
653 3230 739 3286 quem
767 3211 952 3285 Verginium,

88 3309 183 3365 omnis
202 3307 307 3364 seditio
330 3307 488 3364 infestavit.
510 3311 646 3366 manebat
673 3311 828 3369 admiratio
843 3308 903 3368 viri
924 3311 952 3366 et

36 3403 182 3464 balanna:
202 3407 253 3462 sed
266 3405 395 3470 oderant,
415 3409 447 3464 ut
469 3405 601 3463 fastiditi.
622 3408 765 3468 'Postero
786 3409 847 3479 die,
859 3410 953 3472 Vitel-
