2100 3816
72 253 196 301 soca.
304 253 375 300 mu.
402 251 474 300 ιιι.
525 255 601 302 cur.
628 233 746 303 5.-7.
865 241 936 310 103

74 404 236 463 rictnmore
256 412 307 463 aut
328 407 448 464 silentio
466 409 548 483 segni
570 410 746 484 proeteriret.
787 412 936 482 Constitit,

73 507 219 580 plerosque
234 507 385 580 Equitum,
405 508 472 564 dum
487 525 537 581 per
562 509 707 584 angustias
729 511 823 570 aditus
836 518 867 569 et
893 511 935 570 tu·

74 612 220 678 groentem
243 606 457 662 multitudinem
485 608 642 673 enituntur,
655 608 785 675 obtritos,
811 610 935 679 station,

74 704 137 760 dum
164 705 245 761 diem
273 711 447 778 noctemque
474 707 612 764 sedilibus
639 687 823 770 continuant,
837 709 936 766 morbo

75 802 216 859 exitiabili
244 809 409 876 conreptos.
444 806 548 880 quippe
569 806 687 879 gravior
712 805 806 863 inerat
833 811 935 873 metus.
1021 863 1022 868 ,

72 900 95 956 si
119 905 292 973 spectaculo
318 903 488 970 defuissent,
510 905 608 962 multis
635 906 731 977 patum
759 909 788 962 et
808 903 936 977 pluribus

74 1001 201 1067 occuttis,
229 1007 263 1058 ut
293 1003 411 1059 nomina
438 1019 473 1060 ac
501 1004 607 1069 vuitus,
634 1002 824 1070 alueritntem,
852 1002 937 1060 tristi·
1023 1037 1024 1044 ι

74 1097 195 1175 tiamqne
208 1100 380 1157 coeuntium
400 1105 604 1158 scrutarentur.
644 1101 733 1158 Vnde
758 1100 936 1160 tenuioribus

74 1199 165 1256 stetim
179 1199 315 1273 inrogata
330 1199 480 1272 supplicis,
494 1201 632 1256 adversus
647 1199 780 1258 inlustres
803 1199 936 1258 dissimu-

74 1299 158 1355 latum
173 1299 209 1354 ad
239 1315 386 1371 praesens,
405 1304 434 1354 et
450 1315 518 1354 mox
539 1298 679 1355 redditum
699 1299 805 1356 odium.
848 1299 936 1356 Fere·

74 1398 197 1471 brntque
217 1396 462 1468 ‘Vespasianum
493 1401 637 1474 tamquam
665 1413 766 1454 somno
795 1397 936 1454 connive-

73 1501 141 1562 ‘ret‚
164 1513 182 1551 ιι
203 1495 325 1552 Phoebo
345 1495 449 1552 tiberio
467 1495 651 1567 increpitum,
670 1513 812 1568 aegreque
837 1495 936 1552 melio·

74 1607 149 1652 ‘rum
164 1594 300 1667 precibus
313 1594 476 1650 obtectum:
491 1610 559 1651 mox
573 1583 765 1650 inminentem
777 1593 937 1664 perniciem

74 1695 199 1752 ‘maiore
219 1693 280 1749 tato
307 1691 459 1765 effugisse?
519 1693 590 1750 Post
611 1692 698 1748 finem
729 1690 841 1758 tudicri,
862 1691 966 1764 Pop-5

74 1811 141 1866 pree
167 1798 290 1849 mortem
313 1793 394 1858 obiit,
413 1791 529 1849 fortuitu
550 1790 645 1848 mariti
666 1788 854 1858 iracundius
880 1807 937 1864 quo

74 1892 190 1965 gravido
214 1892 275 1947 ictu
296 1891 386 1948 calcis
410 1891 527 1948 addicta
555 1895 607 1946 est.
627 1907 721 1964 neque
741 1889 820 1946 enim
848 1907 936 1948 vene·

74 2008 136 2048 nuru
149 1991 336 2056 crediderim,
356 1991 489 2064 quumvis
502 1989 618 2064 quidem
637 1989 791 2063 scriptores
812 1990 936 2057 tradant,

73 2089 134 2146 odio
148 2089 253 2164 magis,
269 2105 353 2162 quam
373 2105 411 2145 ex
425 2088 491 2154 tide,
513 2087 619 2162 quippe
634 2087 787 2145 liberorum
814 2087 935 2159 cupiens

73 2193 98 2243 et
120 2188 214 2244 amori
244 2187 341 2243 uxoris
367 2187 510 2243 obnoxius
538 2191 609 2242 erat.
650 2187 763 2258 Corpus
791 2202 848 2243 non
874 2184 937 2258 igni

73 2287 219 2351 abolitum,
248 2289 280 2340 ut
308 2285 454 2342 Romanus
484 2303 563 2354 mos3
584 2285 644 2350 sed,
669 2285 782 2356 Regum
803 2287 936 2338 externo-

72 2401 127 2442 rum
153 2385 376 2450 consuetmtine,
403 2384 545 2442 differtum
569 2381 704 2438 odoribus
728 2379 871 2444 conditur,
895 2383 937 2435 tu·

72 2486 204 2557 mritoque
228 2481 365 2540 Iuliorum
379 2481 507 2539 insertur.
549 2481 666 2537 Ductus
680 2484 779 2534 temen
804 2476 937 2548 publicus

71 2581 238 2656 exsequiae,
272 2582 458 2654 laudavitque
492 2579 555 2652 ipse
590 2577 665 2649 apud
695 2579 784 2631 rostra
808 2572 938 2651 formum

27 2727 28 2750 q
70 2679 133 2744 eius
155 2686 184 2735 et
204 2670 280 2755 qisod
296 2677 417 2737 Divinae
437 2675 668 2756 irpttmtispureus
684 2671 801 2752 sitisset,
822 2672 936 2800 otiaque

69 2782 201 2836 ionunee
216 2795 336 2836 munera
350 2795 401 2850 pro
419 2777 582 2833 virtutibus.

104 2877 239 2935 Mortem
267 2877 430 2950 Poppaeae,
457 2882 488 2932 ut
512 2877 606 2948 [ratum
631 2873 750 2939 tristem,
777 2873 817 2928 ita
844 2887 965 2949 recor-7

67 2977 202 3034 dantibus
218 2977 333 3043 laetum,
354 2978 390 3032 ob
413 2973 614 3048 inpudicitiam
630 2973 691 3029 eius
715 2971 936 3046 saevitiamque,

68 3092 144 3131 uova
170 3081 292 3149 insuper
318 3073 432 3131 invidia
461 3074 541 3129 Nero
568 3071 738 3144 complevit,
758 3071 937 3144 prohibendo

94 3231 273 3292 Vespasianum]
305 3229 385 3275 Postea
397 3229 575 3274 Ιιιιιιιτοιιιιι

94 3314 148 3360 Mn
137 3313 227 3381 wrejzu
214 3316 274 3356 utor
264 3307 375 3436 (ffqgiuqu
405 3305 464 3353 Vide
465 3313 489 3352 tu
452 3321 502 3352 ιι
518 3305 611 3367 reperis
603 3320 635 3351 sse
651 3305 679 3350 ad
713 3301 770 3348 oetis
786 3301 870 3346 iactata
881 3299 937 3355 futu

67 3387 156 3429 ungria,
172 3370 274 3416 maiora
303 3365 518 3470 ¹⁰nquibusrpioe
429 3379 493 3426 sporo
495 3365 628 3411 eeiiintle
643 3364 672 3409 ad
712 3365 768 3405 o.rat
787 3359 829 3418 Ep
842 3360 902 3459 lidi,
913 3360 937 3457 tt⁸

67 3433 166 3478 isnrsnrus:
193 3427 384 3497 quiaaaiomnus
401 3424 466 3472 robus
483 3425 679 3478 destinatorem,
695 3434 736 3467 nee
754 3423 827 3476 posset
847 3428 906 3461 aco

67 3489 161 3537 Nerone
170 3485 260 3549 perimi.
292 3483 351 3530 Em.

614 3637 684 3792 ⁴
762 3714 789 3758 Α
913 3714 948 3758 ὸ
