2090 3838
95 149 168 218 234
386 167 638 216 nrsroamurn
820 171 851 218 a.
866 169 898 218 v.
914 169 972 220 aas

40 341 47 356 ’
93 321 231 382 absolvit.
291 321 409 380 Salvius
442 320 590 388 Titianus.
621 277 748 380 Othonis
776 321 874 389 trater,
905 325 974 384 nnl-

95 429 154 484 lnm
177 425 333 484 discrimen
353 424 435 492 adiit,
455 425 565 498 pietate
592 431 623 482 et
648 425 771 498 ignama
798 432 973 484 excusatus.

94 525 193 586 Mario
226 507 316 584 Celso
351 525 527 582 Consulatus
560 529 700 582 servatur.
734 523 788 581 sad
820 525 970 584 creditum

96 625 182 690 lama,
202 624 403 698 obiectumque
431 641 499 680 mox
526 623 557 680 in
586 624 698 680 Senatu
726 623 862 682 Caecilio
891 624 973 682 Sira·

96 724 177 798 plici,
204 724 299 798 ‘quod
327 740 392 780 eum
411 723 560 784 ,hermem
593 721 717 794 pecunia
745 721 883 786 mercari,
909 739 970 780 nec

96 822 179 879 ‘sine
193 822 286 882 exitio
299 821 389 888 Celsi,
404 811 561 896 voluisset?
576 820 680 876 restitit
694 819 852 887 Vitellium
872 821 968 878 desiit·

97 937 152 994 qua
178 928 278 994 postea
292 920 481 978 Consulatum
497 917 632 990 Simplici
646 918 799 976 innoxium
814 925 844 974 et
856 919 969 994 inemp-

97 1024 168 1076 tum.
229 1020 408 1076 Trachalum
444 1018 582 1074 adversos
617 1016 808 1074 criminantes
837 1017 968 1084 Graleria,

45 1119 82 1176 61
98 1135 173 1176 uxor
205 1117 330 1187 Vitellii,
365 1116 500 1189 protexit.
541 1117 622 1174 luter
643 1131 813 1188 magnorum
840 1115 967 1176 virorum

96 1195 263 1274 discrimina
288 1212 467 1288 (pudendum
495 1211 589 1290 dictu)
614 1213 763 1272 Mariccus
789 1213 917 1287 quidem,
945 1231 964 1270 e

95 1317 180 1390 plebe
195 1314 342 1380 Boiorum,
354 1313 481 1370 inserere
495 1329 560 1368 sesa
583 1313 730 1370 Fortunae
749 1316 780 1368 et
805 1329 963 1384 provocare

97 1429 175 1470 arma
191 1413 332 1479 Romana,
347 1410 531 1468 simulatione
547 1409 707 1468 Nominum
718 1427 804 1466 amus
816 1417 870 1468 eal.
893 1411 965 1471 laur
1034 1457 1035 1484 2

97 1529 153 1588 que
176 1509 306 1568 adsertor*
326 1507 489 1566 wicram
506 1514 532 1565 ct
550 1505 770 1583 Dcss„(nomea
792 1507 823 1564 id
842 1509 902 1566 sibi
922 1509 964 1569 iu·
1034 1487 1035 1560 f

97 1611 225 1687 diderat)
256 1607 382 1667 concitis
414 1612 483 1665 octo
516 1607 642 1666 millibus
677 1607 836 1671 hominum,
871 1606 963 1680 proxi·

98 1726 160 1768 mos
176 1711 343 1766 Aeduorum
371 1723 459 1780 pagos
478 1707 629 1775 trahehat;
648 1721 716 1767 csnn
738 1704 965 1780 gnrtssimact

98 1808 185 1874 vitas,
211 1785 307 1862 electa
333 1805 495 1870 iuventute,
519 1803 684 1862 adiectisa
712 1803 840 1862 Vitellio
866 1806 965 1864 cohor·

97 1906 182 1970 tibns‚
205 1903 362 1960 teneuram
389 1903 606 1960 multitudinem
629 1901 756 1960 disiecit.
797 1903 911 1976 (laptus
935 1903 966 1960 in

97 2019 133 2060 eo
162 1995 273 2076 proelio
303 2001 450 2058 Mariccus
471 2018 507 2058 aa
537 2017 604 2058 mcx
627 2001 694 2058 feria
724 2001 867 2068 obiectus,
900 2000 967 2075 quin

98 2099 341 2167 supplantabatur,
355 2099 491 2158 stolidum
516 2103 618 2174 vulgas
642 2099 844 2158 inviolabilem
868 2101 967 2158 creste
1034 2083 1035 2114 u

98 2201 161 2268 last³
192 2199 297 2265 donec,
338 2203 492 2270 spectante
525 2197 659 2265 Vitellio,
707 2197 878 2258 interiectus
912 2201 965 2258 cst.
1034 2233 1035 2246 κ

46 2295 88 2355 6⁸2
100 2299 166 2358 Nec
185 2301 259 2356 ultra
279 2297 310 2354 in
334 2296 505 2365 defecturas,
527 2301 578 2354 aut
605 2297 681 2353 horis
703 2296 884 2372 cuimquam,
905 2314 966 2358 aas·

98 2399 213 2456 vitum:
235 2401 297 2455 rats
317 2395 397 2454 fuere
421 2411 529 2462 eorum,
556 2396 606 2470 qni
632 2395 700 2454 acia
726 2395 897 2454 Othoniana
920 2413 967 2456 cs·

100 2497 241 2564 ciderunt,
274 2498 456 2562 testamenta,
489 2499 540 2552 sut
570 2495 620 2552 lex
651 2494 806 2552 intestatis.
842 2511 966 2568 prorsus,

99 2595 125 2653 si
136 2594 266 2652 luxuriae
281 2597 464 2688 temperaret,
477 2591 631 2650 avaritiam
644 2610 704 2652 non
720 2593 847 2652 timeres.
889 2593 965 2667 apa-

99 2697 191 2754 larum
213 2695 298 2750 foeda
325 2698 355 2752 et
382 2692 570 2766 inexplebilis
593 2691 706 2750 libidas
725 2710 763 2750 ex
784 2693 854 2750 urba
881 2697 965 2766 atqua

99 2793 186 2852 ltalia
199 2792 384 2852 inritamenta
397 2793 482 2866 gulae
502 2793 696 2866 gestabantur,
720 2791 915 2864 strepentibus
929 2791 966 2852 ab

99 2896 220 2967 utroque
243 2890 315 2948 mari
335 2889 505 2948 itineribus:
536 2889 670 2948 exhausti
694 2887 961 2951 convivicrnmad·

100 2989 246 3065 paratibus
271 2988 417 3064 principes
430 2987 583 3046 ciuitatum
596 3009 603 3044 ε
624 2989 812 3046 vastabantur
825 2989 908 3061 ipsae
921 2989 961 3048 ci·

100 3091 226 3148 vitales:
246 3090 472 3164 degenerabsta
492 3090 591 3146 labore
604 3105 639 3147 ac
665 3089 772 3148 uirtute
797 3089 895 3157 miles,
916 3089 963 3147 nd·

99 3261 225 3308 discrimine
242 3259 337 3306 credidit
353 3259 491 3316 fingentibus,
508 3275 580 3321 eaque
597 3263 626 3309 de
645 3277 721 3311 cauam
739 3263 791 3310 adet
810 3262 832 3310 iu
851 3263 965 3312 Othonem

99 3319 207 3379 pristinae
224 3319 311 3365 veniam
335 3317 405 3363 dedit
436 3317 517 3364 rtrum
538 3321 637 3380 olmluit,
656 3335 686 3369 sc.
706 3321 810 3370 criminis.
842 3322 904 3370 Nam
922 3321 980 3368 tali·

101 3377 261 3442 temporetides
269 3375 292 3423 in
300 3375 387 3422 hostem
396 3375 479 3424 crimen
488 3381 529 3424 cst
561 3379 622 3426 Ena
