2100 3816
86 183 210 238 uere.
329 185 443 238 urna.
487 143 751 238 cunm-451.
886 163 953 232 161

123 339 289 412 Trepidam
310 341 422 408 urbem,
439 357 478 400 ac
500 341 585 400 simut
621 340 805 400 atrocitatem
827 337 1010 400 renuntiabo

86 439 221 504 sceleris,
239 441 327 498 simut
350 445 466 498 vererer
503 440 628 498 Othonis
657 457 750 500 mores
782 444 954 512 parentem,

89 555 183 596 novus
214 537 332 610 iusuper
355 536 388 596 dr
411 536 526 596 Verrito
557 539 674 596 nuntius
707 537 856 604 exterruit,
887 543 957 596 ants

89 638 210 694 eaedem
239 637 357 696 Galbae
381 655 559 712 suppressus,
587 644 628 705 nt,
653 641 772 694 tantum
802 636 956 710 superioris

90 735 265 794 Germaniae
285 736 448 796 exereitum
468 735 641 803 desciuisre,
660 736 835 794 crederetur.
877 733 957 792 Tum

92 835 330 902 ‘duunomnium
345 837 510 896 mortalium
524 836 709 910 inpudicitia,
737 835 868 909 ignavia,
894 837 956 894 iux·

91 933 170 992 ‘uria
183 935 366 1003 deterrimos,
379 937 461 994 velut
486 937 522 993 ad
537 937 714 1010 perdendum
740 934 897 1007 Imperium
917 935 956 992 ia·

94 1031 208 1089 ‘tstiter
227 1031 359 1100 electos?
379 1051 438 1092 nun
463 1035 588 1092 Senatum
603 1033 690 1092 modo
703 1040 732 1090 et
757 1033 863 1108 Eques,
891 1034 955 1110 quis

93 1127 182 1204 nimus
205 1148 271 1203 pars
284 1135 316 1188 et
329 1147 400 1190 curn
421 1131 622 1205 Reipublicae,
648 1133 698 1190 sed
725 1133 829 1207 vulgus
843 1149 955 1208 quoque

95 1229 185 1300 putam
207 1245 348 1288 moerere.
387 1230 469 1287 'Nae
496 1229 556 1286 iam
583 1231 714 1290 recentia
740 1247 848 1292 saevae
874 1230 955 1305 pacis

96 1330 234 1400 exempla,
254 1330 307 1386 seu
328 1327 452 1402 repetita
475 1329 616 1386 beliorum
640 1329 774 1388 ciuilium
799 1329 954 1388 memoria:

96 1432 227 1500 ‘captum
248 1427 357 1486 totiens
371 1427 430 1486 suis
453 1427 633 1488 exercitibus
655 1430 764 1496 urbem,
786 1429 955 1486 vestitatem

98 1525 221 1594 ‘ltaliae
235 1525 415 1599 direptiones
435 1526 660 1600 provinciarum,
683 1525 873 1592 Pharsaliam,
888 1525 956 1584 Phi·

102 1623 220 1697 ‘tippos
234 1629 266 1682 et
292 1625 443 1682 Perusiam
463 1641 499 1684 ac
513 1622 679 1691 Mutinam?
689 1629 757 1684 nota
776 1622 956 1697 publicarum

101 1723 217 1780 einriinm
242 1723 371 1790 nomina,
392 1725 590 1798 loquebantur.
632 1723 744 1796 ‘Prope
765 1737 900 1780 eversum
913 1737 957 1782 or·

101 1820 187 1888 ‘bena
200 1821 291 1880 etiam
301 1838 372 1882 cunt
389 1823 427 1880 de
442 1821 613 1895 Principetu
636 1821 713 1882 inter
726 1823 820 1880 bunos
833 1827 957 1880 certara-

101 1922 164 1976 ⁸tnr.
184 1922 236 1978 sed
257 1919 560 1988 mansissemque,
588 1920 729 1980 mensim
753 1921 880 1980 Caesare
897 1921 957 1978 Au·

97 2026 195 2090 sgnum
223 2019 345 2086 victore,
373 2019 551 2092 imperium:
583 2035 747 2080 mensuram
778 2019 876 2086 tuisse,
903 2021 957 2076 sub

101 2116 253 2192 ‘Pompeio
286 2119 443 2192 Brutoque,
477 2118 709 2191 Bempublicanr.
778 2119 866 2176 Nunc
905 2133 956 2190 pro

101 2215 238 2284 ‘titione
252 2233 290 2274 an
305 2233 357 2290 pro
378 2216 514 2283 Vitellio,
532 2217 563 2274 in
588 2219 696 2289 temple
710 2212 822 2272 ituros?
855 2214 957 2270 Vtras-

101 2318 169 2387 ‘que
182 2315 279 2388 inpias
304 2331 416 2388 preces,
443 2319 564 2389 utruque
591 2314 765 2372 detestande
781 2317 860 2378 vcta,
882 2311 958 2369 inter

29 2401 31 2430 ⁵
102 2414 194 2484 ‘duna
222 2431 342 2489 quorum
376 2416 454 2478 belin
486 2416 579 2472 scium
603 2413 633 2470 id
660 2412 759 2478 scires,
783 2409 957 2468 deteriorem

29 2507 30 2588 g
100 2512 182 2580 ‘inre
212 2513 263 2588 qui
291 2510 431 2570 vicisset?
480 2512 582 2578 Erant
605 2509 663 2584 qui'
688 2507 904 2582 Vespasianum
928 2514 958 2566 et

29 2593 30 2656 Ϊ
101 2625 173 2668 arms
198 2611 330 2670 Orientis
353 2617 569 2685 augurarentur.
600 2614 640 2677 et,
665 2613 696 2669 ut
721 2607 814 2682 potior
839 2613 958 2683 utroque

29 2713 31 2790 ζ
100 2707 304 2783 Vespasianus,
324 2710 366 2768 ita
380 2711 488 2768 beilum
502 2709 582 2766 atiud
595 2714 681 2784 atque
695 2708 768 2764 alias
782 2709 882 2766 ciedes
897 2709 960 2764 hur·

30 2791 31 2836 Ὗ
101 2810 204 2866 rebam.
246 2809 286 2868 Et
300 2808 435 2883 ambigua
448 2809 485 2866 uie
506 2807 692 2880 Vespasiano
715 2806 959 2880 inmaqsoiueque

99 2909 306 2970 omniumante
333 2925 366 2964 se
381 2906 550 2980 Principum
577 2904 608 2962 in
624 2905 727 2977 melius
755 2911 879 2962 mutatus
905 2911 959 2960 eat.

101 3003 183 3064 Nune
198 3007 284 3064 initia
299 3023 475 3080 caussasque
500 3009 596 3062 motus
612 3003 770 3060 Vitelliani
797 3003 961 3077 expediam.
972 3023 1009 3081 51

102 3103 190 3164 Caeso
222 3123 290 3162 curn
313 3105 449 3162 omnibus
489 3103 582 3177 copiis
610 3101 691 3160 lulio·
713 3102 851 3168 Vindice,
879 3101 960 3157 ferox

32 3187 33 3192 ἵ
101 3205 201 3274 praesia
221 3203 371 3278 gloriaque
398 3202 557 3267 exercitus,
579 3206 611 3256 ut
637 3201 686 3256 cui
710 3199 774 3253 siue
800 3200 897 3254 tabere
918 3213 961 3248 ac

100 3301 226 3370 periculo
239 3299 377 3358 ditissimi
394 3299 465 3356 beiti
482 3297 606 3354 victorie
629 3294 787 3355 evenisset,
801 3289 963 3358 expeditiu-

100 3415 164 3456 nem
176 3415 265 3474 quam
275 3399 383 3470 otium,
400 3395 530 3471 praemia
553 3407 651 3464 quam.
663 3385 808 3458 stipendia
827 3381 963 3437 malebat.

94 3545 97 3550 .
134 3515 204 3558 voe.
228 3515 265 3556 rr·
465 3543 468 3552 ,
550 3491 583 3541 ¹⁴
597 3481 612 3512 *
