2090 3838
82 196 206 246 nuno
311 197 381 244 nm.
401 196 437 243 11.
479 196 557 243 cnr.
574 174 743 243 26.-29.
872 175 945 244 213

81 351 192 408 rebant.
253 351 363 408 Gravis
389 349 517 425 alioquin
544 351 650 408 seditio
676 354 831 419 exemeret,
859 367 946 426 quam

80 450 183 506 altiore
205 450 291 506 initio
314 447 422 526 (neque
449 449 529 507 enim
550 467 644 508 rerum
666 467 684 506 e
708 449 839 508 (luboino
852 455 945 524 geete·

80 565 140 605 mm
159 549 292 606 ordinem
314 548 483 620 interrumpi
507 546 685 625 oportuerat)
709 553 847 621 repetem.
890 549 946 606 Oo-

79 646 177 704 bortee
206 647 396 714 Batavorum,
426 665 496 721 quun
524 649 602 705 bello
632 647 760 704 Neronis
788 663 806 702 e
836 649 948 720 quarte·

78 745 192 803 decimu
213 747 329 820 legione
353 746 505 820 digressae,
525 761 591 802 oum
608 744 790 802 Britanniam
805 747 947 816 peterent,

79 844 177 902 audito
200 844 319 902 Vitellii
345 851 433 910 motu,
457 843 489 900 in
515 844 638 902 diritate
663 843 829 916 Lingonum
853 841 947 898 Fnblo

78 942 199 1000 Valenti
228 944 382 1001 ndiunotue
409 943 567 1008 retulimus,
593 943 715 1014 superbe
737 943 883 1016 egebunt;
915 945 947 999 ut

78 1041 214 1117 cuiusque
235 1042 364 1116 legionis
387 1041 511 1100 tentoria
537 1041 739 1105 innotuissent,
752 1046 760 1074 ⁸
772 1039 947 1098 noereilore

81 1141 127 1196 ‘ee
150 1141 432 1216 quartodecimanos,
446 1142 572 1197 ablatem
593 1139 706 1198 Neroni
721 1140 846 1206 ltaliam,
860 1145 945 1215 etque

79 1243 212 1298 ‘omnem
227 1240 298 1296 belli
313 1240 457 1296 lortuuum
478 1239 508 1296 in
530 1237 656 1312 ipsorum
669 1221 754 1296 mauu
770 1237 874 1306 eitum?
888 1240 946 1296 iuo-

81 1341 182 1396 ttntee.
224 1339 476 1398 Contumeliosum
490 1339 520 1396 id
535 1339 685 1406 militibus,
699 1343 834 1398 eoerbum
850 1340 944 1398 Duol:

79 1444 217 1510 oonmpte
230 1437 332 1512 iurgiis
354 1445 402 1494 out
427 1439 498 1494 rixie
516 1439 688 1512 discipline:
709 1441 745 1495 ed
771 1446 946 1510 postremum

82 1533 191 1596 Valens
205 1555 223 1592 e
234 1535 396 1608 petulantie
409 1535 498 1593 etiem
513 1537 661 1608 perlidinm
672 1538 867 1608 euspeotnbut.
890 1536 946 1609 lgi·
956 1539 997 1598 28

81 1635 124 1690 tor
137 1634 242 1698 nuntio
265 1636 374 1700 edtnto,
387 1643 397 1668 ‘
412 1637 523 1705 pulsem
545 1635 743 1694 Treverorum
768 1635 844 1691 elem
866 1633 947 1692 'Pun-

81 1735 219 1806 ‘grorque
234 1734 358 1790 aoleeee
379 1733 504 1790 Othonis
528 1739 557 1790 et
575 1733 796 1790 Narbonensem
818 1731 947 1791 Gellium

81 1831 244 1888 ‘eiroumirl
254 1828 272 1899 ς’
292 1831 376 1888 simul
391 1847 461 1888 eure
473 1829 569 1888 eooioe
583 1831 684 1888 tuendi
698 1837 726 1887 et
739 1831 855 1890 militari
870 1837 943 1900 netu,

81 1931 214 1986 eohortee
247 1929 386 1996 turbidae,
414 1945 461 1992 eo,
489 1928 514 1986 ei
544 1947 602 1986 une
629 1929 732 1999 forent,
752 1932 946 2003 praevalidae,

81 2027 275 2102 dispergendi.
296 2032 408 2100 portem
432 2027 612 2084 Batavorum
624 2025 666 2084 ire
678 2025 709 2084 in
730 2025 886 2086 niumm
904 2029 946 2086 iu·

81 2125 135 2182 bel.
164 2127 241 2200 quud
273 2125 321 2184 ubi
352 2125 480 2183 nuditum
508 2129 721 2200 vulgatumque,
741 2143 869 2184 moerere
903 2141 946 2182 eo·

81 2224 127 2291 eii,
155 2224 277 2280 tremere
311 2223 458 2297 legionen:
479 2225 593 2282 ‘orbari
615 2241 647 2281 ee
666 2224 884 2282 fortissimorum
904 2222 947 2278 vi·

81 2326 192 2380 ‘rorum
215 2322 341 2380 auxilio:
363 2327 478 2380 veteres
502 2322 569 2380 illos
593 2328 623 2380 et
650 2327 694 2380 tot
721 2323 861 2384 bellorum
885 2320 947 2376 vio·

81 2426 186 2488 ‘torem
212 2428 362 2500 postquem
385 2421 416 2478 in
444 2428 603 2494 eouepeotu
625 2420 664 2478 eit
688 2419 789 2486 boetis,
814 2420 894 2478 velut
908 2435 947 2478 ex

80 2520 311 2578 ‘noienbduoiz
332 2521 357 2576 ei
384 2519 537 2593 provincie
560 2522 629 2576 urbe
654 2524 684 2575 et
708 2519 801 2575 eelule
829 2516 947 2590 Imperii

80 2621 195 2694 ‘potior
216 2619 264 2685 eit,
287 2635 389 2676 omnen
417 2619 487 2676 illuo
510 2622 714 2692 sequerentur:
735 2617 780 2674 ein
806 2616 946 2674 viotorlne

82 2718 219 2786 ‘eunitae
244 2721 482 2782 euetentnoulum
502 2719 637 2774 uolumen
662 2717 693 2772 in
715 2715 801 2774 ltalia
822 2722 947 2774 vertere·

80 2822 154 2885 ‘tun
186 2835 247 2874 non
280 2818 500 2890 abrumpendos,
533 2823 565 2872 ut
596 2815 719 2888 corpori,
753 2815 947 2874 validissimo·

79 2914 196 2974 ‘erton’
245 2915 329 2972 lineo
352 2915 487 2973 leroeiter
507 2913 657 2980 iactando,
677 2920 835 2986 postquam,
848 2913 999 2977 inmte-29

81 3013 304 3080 delictoribus,
333 3014 445 3070 Valens
469 3029 606 3069 coercere
630 3011 803 3070 seditionem
831 3020 948 3086 ooepte-

82 3117 139 3181 but‚
163 3114 260 3186 ipsum
283 3113 436 3177 invadunt,
473 3129 546 3168 eune
573 3110 693 3178 iaciunt,
719 3110 878 3184 lugientem
905 3127 948 3168 ee·

85 3219 219 3290 quunlur,
240 3211 357 3286 ‘spolia
375 3211 546 3276 Galliarum,
559 3215 590 3266 et
611 3209 825 3266 Viennensium
840 3225 948 3274 nurum,

83 3319 132 3372 ‘et
153 3311 247 3386 pretio
275 3313 403 3368 laborum
427 3325 540 3366 suorum
565 3305 731 3371 occultare?
755 3303 948 3366 clamitantes,

83 3411 203 3488 direptis
228 3409 359 3478 nardinis,
389 3408 577 3468 tabernaculo
597 3404 700 3469 buon,
723 3402 872 3474 ipsamque
899 3397 949 3464 bue
