2158 3820
128 211 175 284 68
449 233 634 282 auuanrvm
850 238 881 281 a.
899 233 930 282 v.
946 233 1004 282 ars.-
1036 273 1040 275 .
1063 221 1064 274 t

126 387 260 447 ‘vineias
273 383 469 446 obtinentium
482 393 638 453 arceretur,
660 385 808 444 foribusve
823 405 924 445 eorum
949 388 1001 446 ad·

127 488 276 546 ‘eiateretr
297 491 450 562 tantusque
474 486 503 543 ei
524 486 644 552 Romae,
658 491 781 560 quantus
806 485 1000 555 Consulibus,

14 607 15 620 ¹
127 588 239 645 ‘bonor
264 584 361 644 earet?
414 583 538 644 Scilicet
566 591 707 645 externae
733 585 886 659 superbiae
914 591 1002 644 sueto

127 701 187 744 non
200 685 296 744 inerat
310 684 414 742 notitia
428 683 537 742 nostri:
559 685 634 758 apud
647 684 718 760 quos
742 683 788 740 via
810 683 932 758 lmperii
948 668 1001 742 'va-

127 786 179 851 let,
192 785 292 844 luania
305 783 545 842 transmittuntur.

75 885 117 946 32
147 891 150 900 ’
167 884 280 942 Eodem
293 901 372 942 anno
385 885 495 942 anaar
505 883 638 941 nationes
652 884 773 957 Alpium
787 883 1000 944 maritimam·

128 984 160 1042 in
174 984 218 1042 ina
240 983 321 1042 Latii
345 981 500 1040 transtulit.
541 981 678 1057 Equitum
693 983 889 1040 Romanorum
914 985 1000 1041 locos

127 1080 244 1140 aedibus
268 1081 360 1154 plebia
381 1081 546 1153 anteposuit
569 1083 644 1154 apud
668 1081 788 1138 circum.
809 1097 934 1155 namque
958 1082 1000 1139 ad

127 1195 192 1237 eam
207 1179 284 1236 diem
298 1178 450 1236 indiscreti
475 1179 599 1244 inibant,
626 1180 693 1254 quia
715 1182 764 1236 lex
789 1179 897 1237 Roscia
911 1179 1001 1247 nihil,

126 1278 184 1336 uisi
198 1279 237 1334 ale
250 1279 466 1351 quatuordecim
486 1277 644 1344 ordinibus,
668 1279 774 1335 sanxit
818 1280 1001 1351 Spectacula

127 1376 318 1459 gladiatorum
338 1376 416 1433 idem
442 1393 534 1433 annus
557 1375 666 1440 babuit,
691 1375 752 1448 pari
776 1375 1001 1450 magnificentia

127 1491 163 1534 ac
179 1475 279 1547 priora.
321 1475 380 1532 Sed
395 1475 564 1532 laminarum
579 1474 743 1532 inlustrium
765 1475 1001 1549 Senatorumque

75 1570 223 1649 33plnrcs
248 1592 299 1647 per
311 1591 428 1632 arenam
442 1573 549 1631 loedati
563 1579 638 1630 aunt.
681 1574 714 1632 Ο.
731 1573 871 1639 Laeanio,
886 1573 930 1630 M·
947 1573 1001 1632 Li·

127 1673 208 1730 oinio
222 1691 303 1730 cosa.
324 1673 435 1730 acriore
448 1672 480 1729 in
491 1671 557 1729 uter
576 1670 714 1745 cupidine
729 1672 898 1745 adigebatur
913 1673 1000 1730 Nero

127 1774 305 1845 promiscuas
328 1787 431 1828 scenas
454 1770 665 1845 frequentandi.
686 1787 753 1827 nam
774 1771 869 1827 adhuc
884 1772 1002 1842 perdo-

129 1887 217 1935 nrum,
241 1875 291 1924 aul
305 1870 411 1936 hortos,
431 1869 590 1934 cecinerat,
611 1868 796 1926 iuvenalibus
816 1869 900 1937 ludia,
914 1887 1001 1942 quor,
1063 1929 1064 1934 ,

129 1974 160 2026 ut
175 1983 273 2040 parum
293 1969 424 2024 celebres
445 1973 476 2024 et
499 1972 599 2026 tantae
620 1967 689 2025 voci
709 1973 855 2041 angustos,
879 1984 1004 2040 sperne·

96 2127 103 2132 ,
128 2067 187 2123 bat.
230 2067 297 2122 Nou
313 2069 411 2122 tamen
431 2065 543 2122 Romae
566 2065 696 2138 incipere
720 2083 814 2132 ausus,
830 2066 1003 2138 Neapolim,

128 2164 210 2239 quasi
225 2163 369 2221 Graecam
384 2165 492 2230 urbem,
506 2164 631 2238 delegit:
646 2163 865 2222 ‘inde'inilium
879 2163 950 2232 lore,
964 2170 1001 2223 ut

128 2267 340 2337 ‘transgressus
366 2261 398 2319 iu
423 2262 577 2327 Achaiam,
601 2262 787 2338 insignesque
814 2269 843 2321 et
871 2265 1001 2338 antiqui-

129 2367 195 2419 ‘tus
209 2379 306 2419 sacras
318 2377 442 2418 coronas
454 2361 585 2431 adeptus,
606 2361 715 2418 maiore
740 2362 817 2418 lanta
837 2362 934 2419 studia
954 2363 1001 2420 ci-

129 2465 137 2492 ‘
152 2459 230 2517 vium
244 2457 385 2516 eliceret?
424 2457 502 2532 Ergo
515 2461 698 2516 contractum
708 2459 916 2533 oppidanorum
932 2463 999 2518 uul-

128 2575 190 2632 gus,
204 2564 235 2614 ct
248 2574 317 2631 quos
331 2575 348 2613 e
364 2555 502 2629 proximis
526 2555 652 2614 coloniis
676 2563 708 2614 et
735 2558 901 2630 municipiis
927 2559 996 2617 eius

129 2655 172 2712 rei
198 2655 274 2711 lama
300 2654 431 2720 civetate
451 2654 556 2728 quique
584 2655 741 2713 Gaesarem
769 2673 820 2728 per
844 2656 998 2726 bonorem,

128 2757 177 2809 aul
194 2752 289 2808 varios
314 2769 380 2807 usus
404 2755 563 2818 sectantur,
584 2752 672 2810 etiam
697 2751 820 2811 militum
843 2756 999 2827 manipuli,

77 2857 118 2916 34
129 2851 272 2908 theatrum
289 2848 546 2920 Neapolitanorum
567 2853 745 2922 complent·
767 2852 842 2920 lllic,
864 2853 998 2928 plerique

129 2954 160 3005 ut
175 2947 392 3013 arbitrabantur,
413 2947 503 3014 triste,
525 2953 557 3006 ut
580 2949 653 3023 ipse,
675 2949 826 3022 providum
848 2952 944 3024 potius
965 2957 1001 3012 et

129 3045 265 3102 secundis
291 3044 474 3114 Numinibus,
497 3047 608 3104 evenit.
634 3065 700 3106 nam
725 3065 850 3121 egresso,
873 3050 923 3122 qui
947 3051 999 3109 ad·

129 3143 231 3210 luerat,
255 3144 370 3216 populo,
397 3160 522 3200 vanuum
549 3151 579 3202 et
600 3145 663 3202 sine
688 3145 774 3204 ullius
801 3163 888 3214 noxa,
916 3148 998 3206 tltea·
1063 3185 1064 3190 κ

121 3317 232 3376 sartosque
251 3315 298 3362 dier
314 3314 397 3372 gladiis
417 3314 484 3360 cincti
502 3321 633 3364 mrauntnr.
654 3333 718 3378 pram
741 3319 877 3368 umacma
896 3324 999 3372 aeterua

130 3373 301 3445 amrempn‘moa
309 3373 412 3421 alicciase
420 3371 858 3438 Attaeairarn,7'taepdtucutaurtar.
972 3385 976 3392 ’
